3812 4578
895 238 1110 374 *aa*

270 485 444 566 remam),
483 488 641 562 Omnino
665 490 761 560 euim
788 485 902 560 multa
930 484 1030 584 apud
1056 489 1176 586 ipsum
1197 487 1461 587 desiderantur,
1488 519 1589 595 quae
1621 521 1767 574 verum

271 626 517 745 legislatorem
544 663 653 740 quam
681 639 840 710 maxime
869 634 1059 746 advertere
1085 637 1295 744 debebant,
1332 661 1442 744 atque
1478 645 1553 721 hoc
1588 651 1693 748 ipso
1729 651 1768 720 iu

271 793 355 867 loco
381 791 429 864 de
453 789 720 864 hereditatibus
742 786 1036 886 haudquaquam
1062 811 1190 862 omnes
1208 817 1314 867 casus
1332 793 1510 878 exhausit,
1536 801 1611 896 qui
1636 824 1767 896 quum

270 917 423 1016 omuino
456 955 610 1040 propter
636 935 926 1013 vicissitudinum
962 937 1231 1012 multitudinem
1256 967 1375 1042 prope
1404 947 1653 1020 innumeram
1684 953 1766 1018 im-

271 1065 523 1193 peditissimus
549 1105 621 1182 est,
663 1103 741 1161 tum
774 1085 876 1188 apud
907 1091 1029 1187 ipsum
1065 1092 1174 1164 etiarn
1208 1093 1421 1191 impeditior
1450 1095 1492 1168 fit
1524 1122 1587 1189 eo,
1648 1095 1763 1196 quod

274 1246 459 1317 neminem
493 1267 656 1340 unquam
702 1238 777 1312 duo
816 1241 1036 1337 patrimonia
1075 1240 1185 1313 simul
1217 1243 1407 1339 possidere
1440 1249 1574 1341 voluit3
1620 1253 1761 1349 ipsum

269 1413 392 1469 tamen
416 1397 447 1468 si
473 1392 676 1482 audiamus,
699 1394 778 1464 veri
803 1393 1030 1465 simillimum
1058 1409 1113 1466 est
1137 1417 1220 1466 eum
1245 1392 1292 1466 ad
1317 1365 1444 1470 omnes
1460 1396 1530 1474 has
1548 1400 1758 1499 objectio-

270 1573 337 1624 nes
361 1568 625 1645 responsurum
652 1565 743 1633 esse,
768 1539 851 1614 talia
869 1568 908 1616 se
926 1543 985 1617 vel
1006 1545 1280 1619 successoribus
1296 1547 1371 1620 suis
1387 1547 1446 1620 vel
1463 1553 1755 1650 magistratibus

269 1701 335 1800 qui
359 1699 473 1772 futuri
497 1697 569 1768 sint
592 1696 797 1794 reliquisse,
822 1693 894 1768 sibi
919 1696 1128 1768 universam
1153 1711 1294 1768 tantum
1320 1700 1373 1769 rei
1392 1699 1562 1795 publicae
1579 1703 1752 1776 formam

272 1846 571 1939 describendam,
595 1871 669 1920 uon
696 1846 840 1946 singula
863 1871 946 1920 cum
972 1829 1453 1945 pulvisculo'exhaurienda
1479 1855 1610 1926 luisse:
1640 1879 1751 1950 qua-

270 2021 424 2107 propter
466 2028 534 2076 nos
569 2026 719 2100 quoque
751 2006 790 2074 in
823 2005 869 2077 iis
892 2023 999 2103 'quae
1027 2004 1107 2101 ipse
1139 2000 1306 2073 exhibuit
1330 2005 1582 2097 consistemus,
1614 2031 1747 2104 neque
1857 2018 1858 2039 ¹

270 2157 423 2234 sollicite
448 2179 679 2254 quaeremus,
704 2153 895 2252 quomodo
921 2153 1001 2225 fieri
1028 2156 1190 2252 potuisse
1216 2150 1409 2226 videantur
1434 2179 1488 2246 ea,
1512 2182 1609 2254 quae
1634 2185 1745 2232 nun-

271 2332 385 2406 quam
409 2308 447 2378 iu
480 2304 617 2376 factum
648 2306 834 2378 transiisse
858 2306 1002 2389 scimus.
1061 2306 1163 2376 Unus
1194 2315 1304 2375 restat
1336 2301 1440 2375 locus
1472 2303 1520 2377 de
1551 2311 1743 2382 tutoribus

269 2451 517 2554 impuberum,
544 2477 655 2550 quem
682 2455 770 2528 satis
795 2468 962 2526 accurate
986 2450 1233 2551 philosophus
1258 2455 1435 2545 tractavit,
1456 2453 1522 2529 sed
1546 2473 1587 2528 ut
1612 2460 1651 2532 in
1678 2459 1741 2532 his

227 2637 231 2644 ·
273 2632 425 2709 quoque
451 2608 560 2706 patrii
584 2599 853 2703 juris'vestigia
879 2631 1046 2703 premere
1071 2599 1336 2697 videatur-1⁰⁸);
1361 2631 1445 2677 narn
1465 2620 1499 2676 et
1516 2611 1738 2704 parentibus

266 2760 459 2861 permittit,
486 2771 524 2830 ut
547 2769 761 2830 testamento
786 2769 924 2825 tutores
947 2754 1074 2844 liberis
1107 2779 1200 2851 quos
1234 2755 1347 2826 velint
1376 2753 1601 2853 relinquant,
1634 2777 1671 2833 et
1701 2761 1748 2833 si·
1857 2760 1858 2787 ¹

265 2914 349 3009 quis
372 2913 562 2982 intestatus
587 2907 801 2998 decesserit,
844 2904 1116 3003 magistratibus
1140 2929 1220 2976 eam
1246 2929 1374 2976 curam
1398 2908 1573 3004 imponit,
1622 2925 1662 2982 ut
1687 2933 1735 2982 ex

267 3039 487 3158 propinquis
520 3058 720 3156 amicisque
757 3059 888 3128 mortui
919 3055 1161 3166 constituant,
1190 3057 1254 3154 qui
1286 3055 1413 3130 liberis
1447 3059 1530 3155 ejus
1557 3073 1733 3158 tanquam

269 3227 462 3310 parentum
495 3208 579 3284 loco
612 3208 784 3301 sint109),
810 3235 965 3284 numero
1008 3207 1144 3282 tantum
1181 3208 1329 3282 etaliis
1361 3233 1432 3305 pro
1467 3233 1555 3280 suae
1580 3212 1733 3284 civitatis

271 3407 411 3420 mnu——

335 3544 399 3608 lut)
415 3544 457 3596 (11.
473 3541 578 3600 illonzc
595 3547 621 3599 in
638 3547 801 3602 Zeitscltrilt
815 3549 834 3602 1.
849 3547 1018 3619 geschichtl.
1039 3547 1340 3604 Rechtswiuuensehalt
1355 3545 1388 3600 'l'-
1404 3545 1456 3613 Vl,
1470 3565 1496 3615 p.
1512 3546 1564 3632 111
1576 3565 1619 3617 aq,

338 3637 401 3702 1118)
419 3637 461 3690 Cl.
482 3635 630 3692 Lutatiana
648 3642 696 3695 eit.
715 3627 819 3708 5:122,
838 3661 861 3696 n.
882 3645 923 3696 12.
973 3645 975 3652 ’
1569 3704 1574 3710 ,

336 3734 648 3806 tutttct.1agg.xt,
677 3757 702 3804 p.
721 3739 773 3810 1121
793 3739 824 3789 Α.
844 3738 877 3800 Β,
898 3737 970 3789 undo
987 3737 1139 3791 utretoritm
1156 3738 1262 3792 accedit
1282 3735 1375 3790 Petito
1393 3731 1450 3787 ml.
1471 3734 1528 3786 ΔΑ.
1546 3734 1672 3794 v1.·a.1
1702 3759 1728 3808 p,

268 3831 333 3893 191,
350 3823 406 3897 ‘qui
425 3829 478 3880 aluo
497 3837 605 3883 tautum
624 3833 732 3886 tutelae.
753 3849 855 3902 genera
875 3832 990 3884 Athonis
1007 3834 1151 3902 agnoseit,
1184 3816 1421 3886 leatanaeutariam
1441 3833 1470 3882 et
1489 3828 1630 3898 dativum
1664 3851 1725 3886 nmn

270 3927 341 3995 quod
363 3927 485 3978 livianus
502 3931 566 3996 (att.
586 3921 667 3981 l'roc·
686 3946 712 3998 p.
731 3929 805 3994 atu),
827 3929 976 3982 Plataea-ue
995 3929 1091 3994 (Prae.
1110 3947 1136 3982 u.
1152 3928 1201 3990 Ill.
1218 3929 1251 3982 Τ.
1270 3929 1308 3992 11,
1328 3947 1354 3996 p.
1372 3926 1448 3994 218),
1465 3923 1570 3978 Kleuzn
1586 3925 1727 3998 (diocog-
