<?xml version="1.0" encoding="UTF-8"?>
<!DOCTYPE html PUBLIC "-//W3C//DTD XHTML 1.0 Transitional//EN"
    "http://www.w3.org/TR/xhtml1/DTD/xhtml1-transitional.dtd">
<html xmlns="http://www.w3.org/1999/xhtml" xml:lang="en" lang="en">
 <head>
  <title>
</title>
<meta http-equiv="Content-Type" content="text/html;charset=utf-8" />
  <meta name='ocr-system' content='tesseract 3.04.00' />
  <meta name='ocr-capabilities' content='ocr_page ocr_carea ocr_par ocr_line ocrx_word'/>
</head>
<body>
  <div class='ocr_page' id='page_1' title='image "./disputatiodeves00hermgoog_0084.png"; bbox 0 0 3812 4578; ppageno 0'>
   <div class='ocr_carea' id='block_1_1' title="bbox 107 329 1741 2638">
    <p class='ocr_par' dir='ltr' id='par_1_1' title="bbox 930 329 962 416">
     <span class='ocr_line' id='line_1_1' title="bbox 930 329 962 416; baseline 0 0"><span class='ocrx_word' id='word_1_1' title='bbox 930 329 962 416; x_wconf 80' lang='lat'><strong>5</strong></span> 
     </span>
    </p>

    <p class='ocr_par' dir='ltr' id='par_1_2' title="bbox 107 546 1741 2638">
     <span class='ocr_line' id='line_1_2' title="bbox 219 546 1680 682; baseline -0.002 -26"><span class='ocrx_word' id='word_1_2' title='bbox 219 585 382 676; x_wconf 76' lang='lat' dir='ltr'><strong>predium</strong></span> <span class='ocrx_word' id='word_1_3' title='bbox 418 581 622 681; x_wconf 82' lang='lat' dir='ltr'><strong>procedant</strong></span> <span class='ocrx_word' id='word_1_4' title='bbox 657 583 751 651; x_wconf 90' lang='lat' dir='ltr'><strong>inter</strong></span> <span class='ocrx_word' id='word_1_5' title='bbox 780 546 895 676; x_wconf 85' lang='lat' dir='ltr'><strong>seque</strong></span> <span class='ocrx_word' id='word_1_6' title='bbox 923 594 1129 678; x_wconf 76' lang='lat' dir='ltr'><strong>spectantes</strong></span> <span class='ocrx_word' id='word_1_7' title='bbox 1163 583 1294 658; x_wconf 90' lang='lat' dir='ltr'><strong>animis</strong></span> <span class='ocrx_word' id='word_1_8' title='bbox 1327 581 1538 682; x_wconf 80' lang='lat' dir='ltr'><strong>designent,</strong></span> <span class='ocrx_word' id='word_1_9' title='bbox 1570 603 1680 678; x_wconf 89' lang='lat' dir='ltr'><strong>quem</strong></span> 
     </span>
     <span class='ocr_line' id='line_1_3' title="bbox 107 699 1681 838; baseline -0.002 -34"><span class='ocrx_word' id='word_1_10' title='bbox 107 719 132 828; x_wconf 41' lang='lat' dir='ltr'>J</span> <span class='ocrx_word' id='word_1_11' title='bbox 218 699 292 838; x_wconf 77' lang='lat' dir='ltr'><strong>sibi</strong></span> <span class='ocrx_word' id='word_1_12' title='bbox 315 733 472 832; x_wconf 84' lang='lat' dir='ltr'><strong>quisque</strong></span> <span class='ocrx_word' id='word_1_13' title='bbox 496 715 727 830; x_wconf 86' lang='lat' dir='ltr'><strong>potissimum</strong></span> <span class='ocrx_word' id='word_1_14' title='bbox 745 729 801 803; x_wconf 86' lang='lat' dir='ltr'><strong>ad</strong></span> <span class='ocrx_word' id='word_1_15' title='bbox 829 732 923 801; x_wconf 84' lang='lat' dir='ltr'><strong>vitae</strong></span> <span class='ocrx_word' id='word_1_16' title='bbox 949 733 1173 822; x_wconf 84' lang='lat' dir='ltr'><strong>consortium</strong></span> <span class='ocrx_word' id='word_1_17' title='bbox 1200 722 1397 807; x_wconf 88' lang='lat' dir='ltr'><strong>convenire</strong></span> <span class='ocrx_word' id='word_1_18' title='bbox 1417 731 1614 806; x_wconf 78' lang='lat' dir='ltr'><strong>arbitretur</strong></span> <span class='ocrx_word' id='word_1_19' title='bbox 1632 725 1681 824; x_wconf 84' lang='lat'><strong>⁵);</strong></span> 
     </span>
     <span class='ocr_line' id='line_1_4' title="bbox 217 879 1683 982; baseline 0 -26"><span class='ocrx_word' id='word_1_20' title='bbox 217 884 397 957; x_wconf 89' lang='lat' dir='ltr'><strong>delectum</strong></span> <span class='ocrx_word' id='word_1_21' title='bbox 425 899 545 955; x_wconf 85' lang='lat' dir='ltr'><strong>autem</strong></span> <span class='ocrx_word' id='word_1_22' title='bbox 572 906 646 953; x_wconf 88' lang='lat' dir='ltr'><strong>non</strong></span> <span class='ocrx_word' id='word_1_23' title='bbox 672 882 734 971; x_wconf 89' lang='lat' dir='ltr'><strong>ita,</strong></span> <span class='ocrx_word' id='word_1_24' title='bbox 758 895 797 954; x_wconf 88' lang='lat' dir='ltr'><strong>ut</strong></span> <span class='ocrx_word' id='word_1_25' title='bbox 822 879 1042 978; x_wconf 89' lang='lat' dir='ltr'><strong>plerumque</strong></span> <span class='ocrx_word' id='word_1_26' title='bbox 1066 883 1142 976; x_wconf 84' lang='lat' dir='ltr'><strong>liat,</strong></span> <span class='ocrx_word' id='word_1_27' title='bbox 1165 879 1296 957; x_wconf 87' lang='lat' dir='ltr'><strong>haberi</strong></span> <span class='ocrx_word' id='word_1_28' title='bbox 1318 880 1406 974; x_wconf 85' lang='lat' dir='ltr'><strong>vult,</strong></span> <span class='ocrx_word' id='word_1_29' title='bbox 1429 897 1469 956; x_wconf 88' lang='lat' dir='ltr'><strong>ut</strong></span> <span class='ocrx_word' id='word_1_30' title='bbox 1492 883 1549 955; x_wconf 88' lang='lat' dir='ltr'><strong>sui</strong></span> <span class='ocrx_word' id='word_1_31' title='bbox 1574 887 1683 982; x_wconf 88' lang='lat' dir='ltr'><strong>quis·-</strong></span> 
     </span>
     <span class='ocr_line' id='line_1_5' title="bbox 183 1001 1684 1133; baseline -0.001 -25"><span class='ocrx_word' id='word_1_32' title='bbox 183 1001 188 1006; x_wconf 29' lang='grc'><em>”</em></span> <span class='ocrx_word' id='word_1_33' title='bbox 216 1060 289 1133; x_wconf 90' lang='lat' dir='ltr'><strong>que</strong></span> <span class='ocrx_word' id='word_1_34' title='bbox 307 1011 536 1126; x_wconf 81' lang='lat' dir='ltr'><strong>simillimum</strong></span> <span class='ocrx_word' id='word_1_35' title='bbox 550 1047 708 1103; x_wconf 85' lang='lat' dir='ltr'><strong>sectetur</strong></span> <span class='ocrx_word' id='word_1_36' title='bbox 724 1027 770 1122; x_wconf 76' lang='lat' dir='ltr'><strong>til,</strong></span> <span class='ocrx_word' id='word_1_37' title='bbox 794 1027 859 1103; x_wconf 91' lang='lat' dir='ltr'><strong>sed</strong></span> <span class='ocrx_word' id='word_1_38' title='bbox 883 1045 920 1100; x_wconf 90' lang='lat' dir='ltr'><strong>ut</strong></span> <span class='ocrx_word' id='word_1_39' title='bbox 937 1032 1093 1129; x_wconf 81' lang='lat' dir='ltr'><strong>sapienti</strong></span> <span class='ocrx_word' id='word_1_40' title='bbox 1109 1035 1374 1106; x_wconf 90' lang='lat' dir='ltr'><strong>contrariorum</strong></span> <span class='ocrx_word' id='word_1_41' title='bbox 1396 1046 1684 1131; x_wconf 85' lang='lat' dir='ltr'><strong>temperamento</strong></span> 
     </span>
     <span class='ocr_line' id='line_1_6' title="bbox 215 1157 1683 1290; baseline -0.003 -31"><span class='ocrx_word' id='word_1_42' title='bbox 215 1203 251 1260; x_wconf 91' lang='lat' dir='ltr'><strong>et</strong></span> <span class='ocrx_word' id='word_1_43' title='bbox 274 1188 513 1286; x_wconf 85' lang='lat' dir='ltr'><strong>permistione</strong></span> <span class='ocrx_word' id='word_1_44' title='bbox 545 1185 583 1254; x_wconf 92' lang='lat' dir='ltr'><strong>in</strong></span> <span class='ocrx_word' id='word_1_45' title='bbox 610 1157 708 1255; x_wconf 86' lang='lat' dir='ltr'><strong>tanta</strong></span> <span class='ocrx_word' id='word_1_46' title='bbox 735 1181 967 1279; x_wconf 84' lang='lat' dir='ltr'><strong>singulorum</strong></span> <span class='ocrx_word' id='word_1_47' title='bbox 993 1180 1197 1256; x_wconf 86' lang='lat' dir='ltr'><strong>differentia</strong></span> <span class='ocrx_word' id='word_1_48' title='bbox 1222 1183 1347 1280; x_wconf 90' lang='lat' dir='ltr'><strong>aliqua</strong></span> <span class='ocrx_word' id='word_1_49' title='bbox 1373 1179 1502 1256; x_wconf 89' lang='lat' dir='ltr'><strong>saltem</strong></span> <span class='ocrx_word' id='word_1_50' title='bbox 1527 1183 1683 1290; x_wconf 84' lang='lat' dir='ltr'><strong>nniver-</strong></span> 
     </span>
     <span class='ocr_line' id='line_1_7' title="bbox 216 1332 1680 1438; baseline -0.002 -25"><span class='ocrx_word' id='word_1_51' title='bbox 216 1360 340 1413; x_wconf 84' lang='lat' dir='ltr'><strong>sorum</strong></span> <span class='ocrx_word' id='word_1_52' title='bbox 366 1332 606 1433; x_wconf 85' lang='lat' dir='ltr'><strong>aequabilitas</strong></span> <span class='ocrx_word' id='word_1_53' title='bbox 630 1350 814 1428; x_wconf 86' lang='lat' dir='ltr'><strong>servetnr;</strong></span> <span class='ocrx_word' id='word_1_54' title='bbox 839 1333 1075 1436; x_wconf 82' lang='lat' dir='ltr'><strong>quodquam</strong></span> <span class='ocrx_word' id='word_1_55' title='bbox 1100 1338 1139 1409; x_wconf 88' lang='lat' dir='ltr'><strong>in</strong></span> <span class='ocrx_word' id='word_1_56' title='bbox 1163 1335 1308 1438; x_wconf 85' lang='lat' dir='ltr'><strong>reliqua</strong></span> <span class='ocrx_word' id='word_1_57' title='bbox 1328 1333 1680 1437; x_wconf 89' lang='lat' dir='ltr'><strong>despondendorum</strong></span> 
     </span>
     <span class='ocr_line' id='line_1_8' title="bbox 129 1477 1681 1584; baseline 0 -26"><span class='ocrx_word' id='word_1_58' title='bbox 129 1499 131 1503; x_wconf 79' lang='grc'>’</span> <span class='ocrx_word' id='word_1_59' title='bbox 216 1484 343 1558; x_wconf 88' lang='lat' dir='ltr'><strong>indole</strong></span> <span class='ocrx_word' id='word_1_60' title='bbox 361 1486 615 1584; x_wconf 87' lang='lat' dir='ltr'><strong>moribusque,</strong></span> <span class='ocrx_word' id='word_1_61' title='bbox 631 1500 710 1558; x_wconf 87' lang='lat' dir='ltr'><strong>turn</strong></span> <span class='ocrx_word' id='word_1_62' title='bbox 726 1487 884 1568; x_wconf 86' lang='lat' dir='ltr'><strong>maxime</strong></span> <span class='ocrx_word' id='word_1_63' title='bbox 904 1487 942 1558; x_wconf 92' lang='lat' dir='ltr'><strong>in</strong></span> <span class='ocrx_word' id='word_1_64' title='bbox 958 1488 1012 1558; x_wconf 87' lang='lat' dir='ltr'><strong>rei</strong></span> <span class='ocrx_word' id='word_1_65' title='bbox 1029 1484 1219 1560; x_wconf 87' lang='lat' dir='ltr'><strong>familiaris</strong></span> <span class='ocrx_word' id='word_1_66' title='bbox 1237 1484 1350 1562; x_wconf 87' lang='lat' dir='ltr'><strong>modo</strong></span> <span class='ocrx_word' id='word_1_67' title='bbox 1369 1485 1617 1582; x_wconf 81' lang='lat' dir='ltr'><strong>commendat,</strong></span> <span class='ocrx_word' id='word_1_68' title='bbox 1634 1477 1681 1558; x_wconf 83' lang='lat' dir='ltr'><strong>ne</strong></span> 
     </span>
     <span class='ocr_line' id='line_1_9' title="bbox 217 1635 1680 1737; baseline 0 -29"><span class='ocrx_word' id='word_1_69' title='bbox 217 1637 364 1712; x_wconf 87' lang='lat' dir='ltr'><strong>divitiae</strong></span> <span class='ocrx_word' id='word_1_70' title='bbox 389 1636 526 1711; x_wconf 90' lang='lat' dir='ltr'><strong>divitiis</strong></span> <span class='ocrx_word' id='word_1_71' title='bbox 551 1635 760 1709; x_wconf 85' lang='lat' dir='ltr'><strong>cumulatae</strong></span> <span class='ocrx_word' id='word_1_72' title='bbox 785 1638 967 1734; x_wconf 88' lang='lat' dir='ltr'><strong>majorem</strong></span> <span class='ocrx_word' id='word_1_73' title='bbox 994 1661 1142 1737; x_wconf 89' lang='lat' dir='ltr'><strong>semper</strong></span> <span class='ocrx_word' id='word_1_74' title='bbox 1164 1637 1349 1712; x_wconf 88' lang='lat' dir='ltr'><strong>honorum</strong></span> <span class='ocrx_word' id='word_1_75' title='bbox 1382 1637 1680 1736; x_wconf 80' lang='lat' dir='ltr'><strong>inaequalitatem</strong></span> 
     </span>
     <span class='ocr_line' id='line_1_10' title="bbox 216 1784 1681 1887; baseline -0.003 -28"><span class='ocrx_word' id='word_1_76' title='bbox 216 1791 255 1860; x_wconf 90' lang='lat' dir='ltr'><strong>in</strong></span> <span class='ocrx_word' id='word_1_77' title='bbox 281 1790 426 1862; x_wconf 86' lang='lat' dir='ltr'><strong>civitate</strong></span> <span class='ocrx_word' id='word_1_78' title='bbox 451 1786 620 1860; x_wconf 81' lang='lat' dir='ltr'><strong>efficiant.</strong></span> <span class='ocrx_word' id='word_1_79' title='bbox 671 1784 1007 1887; x_wconf 75' lang='lat' dir='ltr'><strong>Quanquamhaec</strong></span> <span class='ocrx_word' id='word_1_80' title='bbox 1038 1790 1161 1858; x_wconf 91' lang='lat' dir='ltr'><strong>omnia</strong></span> <span class='ocrx_word' id='word_1_81' title='bbox 1185 1787 1261 1860; x_wconf 86' lang='lat' dir='ltr'><strong>non</strong></span> <span class='ocrx_word' id='word_1_82' title='bbox 1286 1803 1358 1859; x_wconf 86' lang='lat' dir='ltr'><strong>tarn</strong></span> <span class='ocrx_word' id='word_1_83' title='bbox 1384 1787 1530 1886; x_wconf 85' lang='lat' dir='ltr'><strong>legibus</strong></span> <span class='ocrx_word' id='word_1_84' title='bbox 1556 1789 1681 1884; x_wconf 88' lang='lat' dir='ltr'><strong>impe-</strong></span> 
     </span>
     <span class='ocr_line' id='line_1_11' title="bbox 213 1913 1679 2041; baseline -0.005 -26"><span class='ocrx_word' id='word_1_85' title='bbox 213 1942 332 2016; x_wconf 88' lang='lat' dir='ltr'><strong>randa</strong></span> <span class='ocrx_word' id='word_1_86' title='bbox 358 1967 469 2041; x_wconf 88' lang='lat' dir='ltr'><strong>quam</strong></span> <span class='ocrx_word' id='word_1_87' title='bbox 493 1939 686 2015; x_wconf 89' lang='lat' dir='ltr'><strong>suadendo</strong></span> <span class='ocrx_word' id='word_1_88' title='bbox 709 1956 745 2013; x_wconf 91' lang='lat' dir='ltr'><strong>et</strong></span> <span class='ocrx_word' id='word_1_89' title='bbox 769 1943 951 2015; x_wconf 88' lang='lat' dir='ltr'><strong>contraria</strong></span> <span class='ocrx_word' id='word_1_90' title='bbox 975 1924 1288 2038; x_wconf 88' lang='lat' dir='ltr'><strong>reprehendendo</strong></span> <span class='ocrx_word' id='word_1_91' title='bbox 1312 1941 1350 2009; x_wconf 90' lang='lat' dir='ltr'><strong>in</strong></span> <span class='ocrx_word' id='word_1_92' title='bbox 1377 1913 1679 2012; x_wconf 87' lang='lat' dir='ltr'><strong>consuetudinem</strong></span> 
     </span>
     <span class='ocr_line' id='line_1_12' title="bbox 213 2075 1680 2185; baseline -0.012 -13"><span class='ocrx_word' id='word_1_93' title='bbox 213 2092 389 2172; x_wconf 83' lang='lat' dir='ltr'><strong>vertenda</strong></span> <span class='ocrx_word' id='word_1_94' title='bbox 413 2117 492 2167; x_wconf 86' lang='lat' dir='ltr'><strong>esse</strong></span> <span class='ocrx_word' id='word_1_95' title='bbox 518 2108 661 2183; x_wconf 81' lang='lat' dir='ltr'><strong>censet3</strong></span> <span class='ocrx_word' id='word_1_96' title='bbox 696 2075 801 2164; x_wconf 88' lang='lat' dir='ltr'><strong>dotes</strong></span> <span class='ocrx_word' id='word_1_97' title='bbox 826 2105 979 2179; x_wconf 87' lang='lat' dir='ltr'><strong>tantum,</strong></span> <span class='ocrx_word' id='word_1_98' title='bbox 1002 2087 1163 2184; x_wconf 79' lang='lat' dir='ltr'><strong>Lycurgi</strong></span> <span class='ocrx_word' id='word_1_99' title='bbox 1188 2087 1398 2185; x_wconf 85' lang='lat' dir='ltr'><strong>exemplum</strong></span> <span class='ocrx_word' id='word_1_100' title='bbox 1424 2091 1606 2184; x_wconf 58' lang='lat' dir='ltr'><strong>secutus„</strong></span> <span class='ocrx_word' id='word_1_101' title='bbox 1621 2083 1680 2158; x_wconf 85' lang='lat' dir='ltr'><strong>rel</strong></span> 
     </span>
     <span class='ocr_line' id='line_1_13' title="bbox 214 2237 1681 2341; baseline -0.011 -17"><span class='ocrx_word' id='word_1_102' title='bbox 214 2250 383 2324; x_wconf 89' lang='lat' dir='ltr'><strong>cunstitui</strong></span> <span class='ocrx_word' id='word_1_103' title='bbox 413 2245 474 2321; x_wconf 88' lang='lat' dir='ltr'><strong>vel</strong></span> <span class='ocrx_word' id='word_1_104' title='bbox 506 2247 623 2341; x_wconf 91' lang='lat' dir='ltr'><strong>accipi</strong></span> <span class='ocrx_word' id='word_1_105' title='bbox 648 2245 751 2340; x_wconf 87' lang='lat' dir='ltr'><strong>gravi</strong></span> <span class='ocrx_word' id='word_1_106' title='bbox 776 2241 1128 2336; x_wconf 59' lang='lat' dir='ltr'><strong>mulcta‘proposita</strong></span> <span class='ocrx_word' id='word_1_107' title='bbox 1152 2237 1317 2332; x_wconf 70' lang='lat' dir='ltr'><strong>vetat²);</strong></span> <span class='ocrx_word' id='word_1_108' title='bbox 1360 2263 1402 2311; x_wconf 88' lang='lat' dir='ltr'><strong>ea</strong></span> <span class='ocrx_word' id='word_1_109' title='bbox 1437 2262 1545 2330; x_wconf 90' lang='lat' dir='ltr'><strong>vero,</strong></span> <span class='ocrx_word' id='word_1_110' title='bbox 1584 2262 1681 2336; x_wconf 88' lang='lat' dir='ltr'><strong>quae</strong></span> 
     </span>
     <span class='ocr_line' id='line_1_14' title="bbox 215 2359 1741 2492; baseline -0.003 -23"><span class='ocrx_word' id='word_1_111' title='bbox 215 2396 264 2468; x_wconf 86' lang='lat' dir='ltr'><strong>ad</strong></span> <span class='ocrx_word' id='word_1_112' title='bbox 295 2400 414 2492; x_wconf 88' lang='lat' dir='ltr'><strong>ipsam</strong></span> <span class='ocrx_word' id='word_1_113' title='bbox 449 2394 594 2487; x_wconf 86' lang='lat' dir='ltr'><strong>generis</strong></span> <span class='ocrx_word' id='word_1_114' title='bbox 627 2394 935 2489; x_wconf 83' lang='lat' dir='ltr'><strong>propagationem</strong></span> <span class='ocrx_word' id='word_1_115' title='bbox 977 2404 1161 2490; x_wconf 86' lang='lat' dir='ltr'><strong>spectant,</strong></span> <span class='ocrx_word' id='word_1_116' title='bbox 1217 2416 1292 2463; x_wconf 91' lang='lat' dir='ltr'><strong>nnn</strong></span> <span class='ocrx_word' id='word_1_117' title='bbox 1325 2389 1439 2464; x_wconf 90' lang='lat' dir='ltr'><strong>modo</strong></span> <span class='ocrx_word' id='word_1_118' title='bbox 1468 2359 1692 2465; x_wconf 86' lang='lat' dir='ltr'><strong>hortatibus¹</strong></span> <span class='ocrx_word' id='word_1_119' title='bbox 1739 2401 1741 2408; x_wconf 80' lang='grc'>’</span> 
     </span>
     <span class='ocr_line' id='line_1_15' title="bbox 214 2536 1705 2638; baseline -0.003 -19"><span class='ocrx_word' id='word_1_120' title='bbox 214 2544 394 2618; x_wconf 86' lang='lat' dir='ltr'><strong>acerrime</strong></span> <span class='ocrx_word' id='word_1_121' title='bbox 424 2539 582 2612; x_wconf 84' lang='lat' dir='ltr'><strong>inculcat</strong></span> <span class='ocrx_word' id='word_1_122' title='bbox 599 2536 650 2630; x_wconf 80' lang='lat'><strong>⁸),</strong></span> <span class='ocrx_word' id='word_1_123' title='bbox 691 2566 818 2615; x_wconf 85' lang='lat' dir='ltr'><strong>rerum</strong></span> <span class='ocrx_word' id='word_1_124' title='bbox 846 2543 954 2614; x_wconf 88' lang='lat' dir='ltr'><strong>etiam</strong></span> <span class='ocrx_word' id='word_1_125' title='bbox 980 2538 1125 2638; x_wconf 88' lang='lat' dir='ltr'><strong>legibus</strong></span> <span class='ocrx_word' id='word_1_126' title='bbox 1149 2542 1199 2613; x_wconf 88' lang='lat' dir='ltr'><strong>ita</strong></span> <span class='ocrx_word' id='word_1_127' title='bbox 1223 2544 1355 2629; x_wconf 86' lang='lat' dir='ltr'><strong>sancit,</strong></span> <span class='ocrx_word' id='word_1_128' title='bbox 1394 2557 1434 2613; x_wconf 88' lang='lat' dir='ltr'><strong>ut</strong></span> <span class='ocrx_word' id='word_1_129' title='bbox 1466 2541 1526 2616; x_wconf 80' lang='lat' dir='ltr'><strong>rel</strong></span> <span class='ocrx_word' id='word_1_130' title='bbox 1556 2545 1705 2616; x_wconf 58' lang='lat' dir='ltr'><strong>Lace-s</strong></span> 
     </span>
    </p>
   </div>
   <div class='ocr_carea' id='block_1_2' title="bbox 158 2687 1756 2790">
    <p class='ocr_par' dir='ltr' id='par_1_3' title="bbox 158 2687 1756 2790">
     <span class='ocr_line' id='line_1_16' title="bbox 158 2687 1756 2790; baseline -0.007 -19"><span class='ocrx_word' id='word_1_131' title='bbox 158 2727 160 2731; x_wconf 51' lang='lat'><em>⁴</em></span> <span class='ocrx_word' id='word_1_132' title='bbox 213 2693 495 2771; x_wconf 85' lang='lat' dir='ltr'><strong>daemoniorum</strong></span> <span class='ocrx_word' id='word_1_133' title='bbox 527 2688 754 2788; x_wconf 88' lang='lat' dir='ltr'><strong>diligentiam</strong></span> <span class='ocrx_word' id='word_1_134' title='bbox 786 2691 837 2761; x_wconf 89' lang='lat' dir='ltr'><strong>in·</strong></span> <span class='ocrx_word' id='word_1_135' title='bbox 858 2687 931 2762; x_wconf 91' lang='lat' dir='ltr'><strong>hac</strong></span> <span class='ocrx_word' id='word_1_136' title='bbox 962 2715 1072 2762; x_wconf 89' lang='lat' dir='ltr'><strong>causa</strong></span> <span class='ocrx_word' id='word_1_137' title='bbox 1107 2708 1265 2789; x_wconf 89' lang='lat' dir='ltr'><strong>superet.</strong></span> <span class='ocrx_word' id='word_1_138' title='bbox 1324 2691 1494 2766; x_wconf 85' lang='lat' dir='ltr'><strong>Coelibes</strong></span> <span class='ocrx_word' id='word_1_139' title='bbox 1527 2691 1677 2790; x_wconf 92' lang='lat' dir='ltr'><strong>quidem</strong></span> <span class='ocrx_word' id='word_1_140' title='bbox 1752 2753 1756 2760; x_wconf 81' lang='grc'><strong>,</strong></span> 
     </span>
    </p>
   </div>
   <div class='ocr_carea' id='block_1_3' title="bbox 214 2839 1678 2946">
    <p class='ocr_par' dir='ltr' id='par_1_4' title="bbox 214 2839 1678 2946">
     <span class='ocr_line' id='line_1_17' title="bbox 214 2839 1678 2946; baseline -0.005 -26"><span class='ocrx_word' id='word_1_141' title='bbox 214 2846 345 2946; x_wconf 84' lang='lat' dir='ltr'><strong>jamin</strong></span> <span class='ocrx_word' id='word_1_142' title='bbox 366 2842 557 2940; x_wconf 89' lang='lat' dir='ltr'><strong>superiore</strong></span> <span class='ocrx_word' id='word_1_143' title='bbox 577 2839 822 2940; x_wconf 85' lang='lat' dir='ltr'><strong>disputatione</strong></span> <span class='ocrx_word' id='word_1_144' title='bbox 849 2841 976 2914; x_wconf 88' lang='lat' dir='ltr'><strong>monui</strong></span> <span class='ocrx_word' id='word_1_145' title='bbox 991 2839 1069 2918; x_wconf 80' lang='lat' dir='ltr'><strong>iere</strong></span> <span class='ocrx_word' id='word_1_146' title='bbox 1095 2839 1225 2914; x_wconf 91' lang='lat' dir='ltr'><strong>eodem</strong></span> <span class='ocrx_word' id='word_1_147' title='bbox 1247 2840 1416 2940; x_wconf 86' lang='lat' dir='ltr'><strong>exemplo</strong></span> <span class='ocrx_word' id='word_1_148' title='bbox 1438 2839 1536 2938; x_wconf 90' lang='lat' dir='ltr'><strong>apud</strong></span> <span class='ocrx_word' id='word_1_149' title='bbox 1555 2843 1678 2938; x_wconf 90' lang='lat' dir='ltr'><strong>ipsum</strong></span> 
     </span>
    </p>
   </div>
   <div class='ocr_carea' id='block_1_4' title="bbox 171 3283 1675 4134">
    <p class='ocr_par' dir='ltr' id='par_1_5' title="bbox 280 3283 1320 3360">
     <span class='ocr_line' id='line_1_18' title="bbox 280 3283 1320 3360; baseline 0.001 -20"><span class='ocrx_word' id='word_1_150' title='bbox 280 3283 312 3352; x_wconf 82' lang='grc'><strong>5)</strong></span> <span class='ocrx_word' id='word_1_151' title='bbox 327 3285 400 3340; x_wconf 83' lang='lat' dir='ltr'><strong>ibid.</strong></span> <span class='ocrx_word' id='word_1_152' title='bbox 419 3284 470 3350; x_wconf 87' lang='lat' dir='ltr'><strong>VI,</strong></span> <span class='ocrx_word' id='word_1_153' title='bbox 487 3302 514 3354; x_wconf 84' lang='lat' dir='ltr'><strong>p.</strong></span> <span class='ocrx_word' id='word_1_154' title='bbox 532 3285 585 3340; x_wconf 74' lang='lat' dir='ltr'><strong>&#39;til</strong></span> <span class='ocrx_word' id='word_1_155' title='bbox 601 3284 643 3354; x_wconf 71' lang='lat'><strong>113</strong></span> <span class='ocrx_word' id='word_1_156' title='bbox 662 3285 698 3339; x_wconf 81' lang='lat' dir='ltr'><strong>ci·</strong></span> <span class='ocrx_word' id='word_1_157' title='bbox 718 3285 754 3352; x_wconf 83' lang='lat' dir='ltr'><strong>V,</strong></span> <span class='ocrx_word' id='word_1_158' title='bbox 773 3303 801 3356; x_wconf 83' lang='lat' dir='ltr'><strong>p.</strong></span> <span class='ocrx_word' id='word_1_159' title='bbox 819 3285 872 3344; x_wconf 77' lang='lat' dir='ltr'><strong>tus</strong></span> <span class='ocrx_word' id='word_1_160' title='bbox 888 3287 914 3342; x_wconf 86' lang='lat' dir='ltr'><strong>n</strong></span> <span class='ocrx_word' id='word_1_161' title='bbox 932 3293 963 3343; x_wconf 83' lang='lat' dir='ltr'><strong>nt</strong></span> <span class='ocrx_word' id='word_1_162' title='bbox 979 3288 1108 3360; x_wconf 77' lang='lat' dir='ltr'><strong>Xenopla</strong></span> <span class='ocrx_word' id='word_1_163' title='bbox 1125 3288 1229 3359; x_wconf 73' lang='lat' dir='ltr'><strong>Epirus.</strong></span> <span class='ocrx_word' id='word_1_164' title='bbox 1246 3287 1272 3357; x_wconf 87' lang='lat'><strong>1,</strong></span> <span class='ocrx_word' id='word_1_165' title='bbox 1293 3287 1320 3341; x_wconf 62' lang='grc' dir='ltr'><strong>Ἃ.</strong></span> 
     </span>
    </p>

    <p class='ocr_par' dir='ltr' id='par_1_6' title="bbox 171 3378 1675 3935">
     <span class='ocr_line' id='line_1_19' title="bbox 280 3378 1675 3466; baseline 0.003 -32"><span class='ocrx_word' id='word_1_166' title='bbox 280 3381 311 3449; x_wconf 79' lang='lat' dir='ltr'><strong>u)</strong></span> <span class='ocrx_word' id='word_1_167' title='bbox 328 3378 495 3449; x_wconf 77' lang='lat' dir='ltr'><strong>Philosophi</strong></span> <span class='ocrx_word' id='word_1_168' title='bbox 513 3396 624 3449; x_wconf 82' lang='lat' dir='ltr'><strong>quoqne</strong></span> <span class='ocrx_word' id='word_1_169' title='bbox 650 3382 877 3466; x_wconf 73' lang='lat' dir='ltr'><strong>commendarant</strong></span> <span class='ocrx_word' id='word_1_170' title='bbox 895 3395 985 3452; x_wconf 74' lang='grc' dir='ltr'><strong><em>γαμεῖν</em></strong></span> <span class='ocrx_word' id='word_1_171' title='bbox 1001 3388 1027 3438; x_wconf 72' lang='lat' dir='ltr'><strong>In</strong></span> <span class='ocrx_word' id='word_1_172' title='bbox 1043 3384 1095 3438; x_wconf 78' lang='grc' dir='ltr'><strong>τῶν</strong></span> <span class='ocrx_word' id='word_1_173' title='bbox 1111 3384 1211 3446; x_wconf 75' lang='grc' dir='ltr'><em>ὁμοίων,</em></span> <span class='ocrx_word' id='word_1_174' title='bbox 1229 3390 1262 3439; x_wconf 90' lang='lat' dir='ltr'><strong>nt</strong></span> <span class='ocrx_word' id='word_1_175' title='bbox 1279 3380 1433 3436; x_wconf 79' lang='lat' dir='ltr'><strong>Cleobulus</strong></span> <span class='ocrx_word' id='word_1_176' title='bbox 1450 3383 1529 3452; x_wconf 81' lang='lat' dir='ltr'><strong>apud</strong></span> <span class='ocrx_word' id='word_1_177' title='bbox 1542 3383 1625 3456; x_wconf 69' lang='grc' dir='ltr'><strong>υἷος.</strong></span> <span class='ocrx_word' id='word_1_178' title='bbox 1636 3386 1675 3439; x_wconf 69' lang='lat' dir='ltr'><strong>It.</strong></span> 
     </span>
     <span class='ocr_line' id='line_1_20' title="bbox 211 3474 1675 3550; baseline 0.004 -18"><span class='ocrx_word' id='word_1_179' title='bbox 211 3479 290 3550; x_wconf 73' lang='lat'><strong>1‚92</strong></span> <span class='ocrx_word' id='word_1_180' title='bbox 308 3483 337 3530; x_wconf 86' lang='lat' dir='ltr'><strong>et</strong></span> <span class='ocrx_word' id='word_1_181' title='bbox 355 3474 483 3528; x_wconf 77' lang='lat' dir='ltr'><strong>Pittacus</strong></span> <span class='ocrx_word' id='word_1_182' title='bbox 502 3476 576 3544; x_wconf 84' lang='lat' dir='ltr'><strong>apud</strong></span> <span class='ocrx_word' id='word_1_183' title='bbox 595 3475 712 3528; x_wconf 86' lang='lat' dir='ltr'><strong>eundem</strong></span> <span class='ocrx_word' id='word_1_184' title='bbox 730 3476 755 3542; x_wconf 86' lang='lat'><strong>1,</strong></span> <span class='ocrx_word' id='word_1_185' title='bbox 779 3477 829 3534; x_wconf 81' lang='lat'><strong>8⁰:</strong></span> <span class='ocrx_word' id='word_1_186' title='bbox 853 3479 903 3547; x_wconf 76' lang='grc' dir='ltr'><strong>τήν</strong></span> <span class='ocrx_word' id='word_1_187' title='bbox 919 3478 985 3530; x_wconf 63' lang='grc' dir='ltr'><strong>κατὰ</strong></span> <span class='ocrx_word' id='word_1_188' title='bbox 1004 3479 1096 3530; x_wconf 78' lang='grc' dir='ltr'><em>σαυτὸν</em></span> <span class='ocrx_word' id='word_1_189' title='bbox 1115 3479 1175 3530; x_wconf 73' lang='lat' dir='ltr'><strong>iia:</strong></span> <span class='ocrx_word' id='word_1_190' title='bbox 1194 3477 1675 3546; x_wconf 73' lang='lat' dir='ltr'><strong>ct.a010u51.1³romoth.v.utu=</strong></span> 
     </span>
     <span class='ocr_line' id='line_1_21' title="bbox 210 3559 1671 3648; baseline 0.001 -18"><span class='ocrx_word' id='word_1_191' title='bbox 210 3578 244 3639; x_wconf 70' lang='grc' dir='ltr'><strong>ὥς</strong></span> <span class='ocrx_word' id='word_1_192' title='bbox 261 3578 290 3630; x_wconf 73' lang='grc' dir='ltr'><strong>τὸ</strong></span> <span class='ocrx_word' id='word_1_193' title='bbox 307 3570 426 3642; x_wconf 74' lang='grc' dir='ltr'><strong>κηδεῦσαι</strong></span> <span class='ocrx_word' id='word_1_194' title='bbox 443 3569 506 3622; x_wconf 54' lang='grc' dir='ltr'><strong>καθ’</strong></span> <span class='ocrx_word' id='word_1_195' title='bbox 523 3570 613 3624; x_wconf 69' lang='grc' dir='ltr'><em>ἑαυτὸν</em></span> <span class='ocrx_word' id='word_1_196' title='bbox 629 3569 754 3644; x_wconf 71' lang='grc' dir='ltr'><strong><em>ἀριστεύει</em></strong></span> <span class='ocrx_word' id='word_1_197' title='bbox 772 3575 869 3647; x_wconf 71' lang='grc' dir='ltr'><strong><em>μακρῷ,</em></strong></span> <span class='ocrx_word' id='word_1_198' title='bbox 888 3580 917 3630; x_wconf 75' lang='lat' dir='ltr'><strong>et</strong></span> <span class='ocrx_word' id='word_1_199' title='bbox 935 3574 1021 3635; x_wconf 69' lang='lat' dir='ltr'><strong>ovid.</strong></span> <span class='ocrx_word' id='word_1_200' title='bbox 1039 3574 1157 3628; x_wconf 77' lang='lat' dir='ltr'><strong>Horold.</strong></span> <span class='ocrx_word' id='word_1_201' title='bbox 1175 3574 1229 3640; x_wconf 77' lang='lat' dir='ltr'><strong>IX,</strong></span> <span class='ocrx_word' id='word_1_202' title='bbox 1247 3573 1298 3628; x_wconf 72' lang='lat'><strong>292</strong></span> <span class='ocrx_word' id='word_1_203' title='bbox 1329 3577 1415 3641; x_wconf 73' lang='lat' dir='ltr'><strong>Quam</strong></span> <span class='ocrx_word' id='word_1_204' title='bbox 1431 3577 1500 3630; x_wconf 77' lang='lat' dir='ltr'><strong>male</strong></span> <span class='ocrx_word' id='word_1_205' title='bbox 1518 3559 1671 3648; x_wconf 61' lang='lat' dir='ltr'><strong>inaequales</strong></span> 
     </span>
     <span class='ocr_line' id='line_1_22' title="bbox 171 3660 1672 3741; baseline 0.001 -17"><span class='ocrx_word' id='word_1_206' title='bbox 171 3681 175 3686; x_wconf 84' lang='lat'>&#39;</span> <span class='ocrx_word' id='word_1_207' title='bbox 211 3674 321 3735; x_wconf 72' lang='lat' dir='ltr'><strong>ueniant</strong></span> <span class='ocrx_word' id='word_1_208' title='bbox 339 3660 694 3730; x_wconf 55' lang='lat' dir='ltr'><strong>auerruncandae·</strong></span> <span class='ocrx_word' id='word_1_209' title='bbox 711 3672 952 3740; x_wconf 81' lang='lat' dir='ltr'><strong>premiturmagao</strong></span> <span class='ocrx_word' id='word_1_210' title='bbox 971 3671 1087 3739; x_wconf 78' lang='lat' dir='ltr'><strong>conjuge</strong></span> <span class='ocrx_word' id='word_1_211' title='bbox 1104 3677 1192 3736; x_wconf 82' lang='lat' dir='ltr'><strong>napta</strong></span> <span class='ocrx_word' id='word_1_212' title='bbox 1211 3670 1305 3722; x_wconf 82' lang='lat' dir='ltr'><strong>minor.</strong></span> <span class='ocrx_word' id='word_1_213' title='bbox 1332 3670 1452 3741; x_wconf 77' lang='lat' dir='ltr'><strong>Propius</strong></span> <span class='ocrx_word' id='word_1_214' title='bbox 1471 3673 1507 3725; x_wconf 85' lang='lat' dir='ltr'><strong>ad</strong></span> <span class='ocrx_word' id='word_1_215' title='bbox 1526 3675 1672 3728; x_wconf 80' lang='lat' dir='ltr'><strong>Plutonem</strong></span> 
     </span>
     <span class='ocr_line' id='line_1_23' title="bbox 210 3741 1667 3836; baseline -0.003 -9"><span class='ocrx_word' id='word_1_216' title='bbox 210 3769 345 3827; x_wconf 80' lang='lat' dir='ltr'><strong>accedunt</strong></span> <span class='ocrx_word' id='word_1_217' title='bbox 360 3765 462 3819; x_wconf 74' lang='lat' dir='ltr'><strong>iuven.</strong></span> <span class='ocrx_word' id='word_1_218' title='bbox 480 3761 567 3816; x_wconf 74' lang='lat' dir='ltr'><strong>Setia.</strong></span> <span class='ocrx_word' id='word_1_219' title='bbox 585 3762 646 3828; x_wconf 80' lang='lat' dir='ltr'><strong>XI,</strong></span> <span class='ocrx_word' id='word_1_220' title='bbox 669 3761 705 3818; x_wconf 78' lang='lat'><strong>29</strong></span> <span class='ocrx_word' id='word_1_221' title='bbox 722 3771 755 3819; x_wconf 83' lang='lat' dir='ltr'><strong>ct</strong></span> <span class='ocrx_word' id='word_1_222' title='bbox 770 3765 967 3824; x_wconf 76' lang='lat' dir='ltr'><strong>Callicratidas</strong></span> <span class='ocrx_word' id='word_1_223' title='bbox 984 3741 1192 3836; x_wconf 66' lang='lat' dir='ltr'><strong>Pythagoricus</strong></span> <span class='ocrx_word' id='word_1_224' title='bbox 1214 3764 1289 3836; x_wconf 77' lang='lat' dir='ltr'><strong>apud</strong></span> <span class='ocrx_word' id='word_1_225' title='bbox 1306 3763 1386 3821; x_wconf 78' lang='lat' dir='ltr'><strong>stoa.</strong></span> <span class='ocrx_word' id='word_1_226' title='bbox 1403 3766 1502 3824; x_wconf 76' lang='lat' dir='ltr'><strong>Floril.</strong></span> <span class='ocrx_word' id='word_1_227' title='bbox 1521 3767 1667 3835; x_wconf 77' lang='lat' dir='ltr'>LXXXV,</span> 
     </span>
     <span class='ocr_line' id='line_1_24' title="bbox 208 3855 1101 3935; baseline -0.002 -21"><span class='ocrx_word' id='word_1_228' title='bbox 208 3867 255 3931; x_wconf 78' lang='lat'><strong>18,</strong></span> <span class='ocrx_word' id='word_1_229' title='bbox 272 3883 299 3935; x_wconf 88' lang='lat' dir='ltr'><strong>p.</strong></span> <span class='ocrx_word' id='word_1_230' title='bbox 313 3859 366 3914; x_wconf 71' lang='lat'><strong>182</strong></span> <span class='ocrx_word' id='word_1_231' title='bbox 382 3855 523 3912; x_wconf 76' lang='lat' dir='ltr'><strong>Gnielord.</strong></span> <span class='ocrx_word' id='word_1_232' title='bbox 1097 3879 1101 3886; x_wconf 93' lang='lat'>·</span> 
     </span>
    </p>

    <p class='ocr_par' dir='ltr' id='par_1_7' title="bbox 214 3940 1530 4032">
     <span class='ocr_line' id='line_1_25' title="bbox 214 3940 1530 4032; baseline 0.002 -24"><span class='ocrx_word' id='word_1_233' title='bbox 214 3984 234 3992; x_wconf 87' lang='lat'><strong>··</strong></span> <span class='ocrx_word' id='word_1_234' title='bbox 277 3961 310 4030; x_wconf 68' lang='grc'><strong>1)</strong></span> <span class='ocrx_word' id='word_1_235' title='bbox 329 3957 374 4026; x_wconf 68' lang='lat' dir='ltr'><strong>(ii,</strong></span> <span class='ocrx_word' id='word_1_236' title='bbox 392 3971 453 4026; x_wconf 56' lang='lat' dir='ltr'><strong>sup⁸⁴</strong></span> <span class='ocrx_word' id='word_1_237' title='bbox 471 3951 574 4022; x_wconf 73' lang='lat' dir='ltr'><strong>disput</strong></span> <span class='ocrx_word' id='word_1_238' title='bbox 591 3967 618 4010; x_wconf 85' lang='lat' dir='ltr'><strong>n.</strong></span> <span class='ocrx_word' id='word_1_239' title='bbox 634 3951 670 4010; x_wconf 77' lang='lat' dir='ltr'><strong>&#39;tu</strong></span> <span class='ocrx_word' id='word_1_240' title='bbox 688 3959 718 4009; x_wconf 82' lang='lat' dir='ltr'><strong>et</strong></span> <span class='ocrx_word' id='word_1_241' title='bbox 734 3955 812 4010; x_wconf 84' lang='lat' dir='ltr'><strong>Plut.</strong></span> <span class='ocrx_word' id='word_1_242' title='bbox 829 3956 971 4032; x_wconf 78' lang='lat' dir='ltr'><strong>Apoplrth.</strong></span> <span class='ocrx_word' id='word_1_243' title='bbox 990 3957 1071 4014; x_wconf 76' lang='lat' dir='ltr'><strong>Laoc.</strong></span> <span class='ocrx_word' id='word_1_244' title='bbox 1090 3956 1125 4012; x_wconf 82' lang='grc' dir='ltr'><strong>Τ.</strong></span> <span class='ocrx_word' id='word_1_245' title='bbox 1144 3940 1227 4022; x_wconf 87' lang='lat' dir='ltr'>VIII,</span> <span class='ocrx_word' id='word_1_246' title='bbox 1246 3974 1274 4027; x_wconf 85' lang='lat' dir='ltr'><strong>p.</strong></span> <span class='ocrx_word' id='word_1_247' title='bbox 1291 3954 1345 4014; x_wconf 71' lang='lat'><strong>223</strong></span> <span class='ocrx_word' id='word_1_248' title='bbox 1362 3971 1427 4025; x_wconf 78' lang='lat' dir='ltr'><strong>sqq.</strong></span> <span class='ocrx_word' id='word_1_249' title='bbox 1446 3955 1530 4014; x_wconf 80' lang='lat' dir='ltr'><strong>nott.</strong></span> 
     </span>
    </p>

    <p class='ocr_par' dir='ltr' id='par_1_8' title="bbox 276 4045 1371 4134">
     <span class='ocr_line' id='line_1_26' title="bbox 276 4045 1371 4134; baseline 0.005 -28"><span class='ocrx_word' id='word_1_250' title='bbox 276 4053 310 4124; x_wconf 79' lang='grc'><strong>8)</strong></span> <span class='ocrx_word' id='word_1_251' title='bbox 328 4051 419 4122; x_wconf 74' lang='lat' dir='ltr'><strong>Iaegg.</strong></span> <span class='ocrx_word' id='word_1_252' title='bbox 434 4047 486 4113; x_wconf 86' lang='lat' dir='ltr'><strong>tv,</strong></span> <span class='ocrx_word' id='word_1_253' title='bbox 506 4065 534 4117; x_wconf 87' lang='lat' dir='ltr'><strong>p.</strong></span> <span class='ocrx_word' id='word_1_254' title='bbox 553 4045 606 4103; x_wconf 76' lang='lat' dir='ltr'><strong>tzt</strong></span> <span class='ocrx_word' id='word_1_255' title='bbox 624 4046 663 4114; x_wconf 71' lang='grc' dir='ltr'><strong>ὓς</strong></span> <span class='ocrx_word' id='word_1_256' title='bbox 681 4048 731 4114; x_wconf 87' lang='lat' dir='ltr'><strong>Vl,</strong></span> <span class='ocrx_word' id='word_1_257' title='bbox 748 4063 782 4118; x_wconf 74' lang='lat' dir='ltr'><strong>p·</strong></span> <span class='ocrx_word' id='word_1_258' title='bbox 793 4048 847 4106; x_wconf 78' lang='lat' dir='ltr'><strong>tte</strong></span> <span class='ocrx_word' id='word_1_259' title='bbox 863 4049 904 4118; x_wconf 66' lang='lat'><strong>23</strong></span> <span class='ocrx_word' id='word_1_260' title='bbox 923 4047 958 4106; x_wconf 79' lang='lat' dir='ltr'><strong>ol.</strong></span> <span class='ocrx_word' id='word_1_261' title='bbox 976 4052 1101 4124; x_wconf 73' lang='lat' dir='ltr'><strong>Sympae</strong></span> <span class='ocrx_word' id='word_1_262' title='bbox 1117 4070 1149 4134; x_wconf 74' lang='lat' dir='ltr'><strong>p·</strong></span> <span class='ocrx_word' id='word_1_263' title='bbox 1165 4051 1218 4106; x_wconf 60' lang='lat' dir='ltr'><strong>m</strong></span> <span class='ocrx_word' id='word_1_264' title='bbox 1231 4051 1265 4105; x_wconf 82' lang='lat' dir='ltr'><strong>II.</strong></span> <span class='ocrx_word' id='word_1_265' title='bbox 1368 4105 1371 4112; x_wconf 79' lang='grc'>,</span> 
     </span>
    </p>
   </div>
   <div class='ocr_carea' id='block_1_5' title="bbox 0 0 1910 4578">
    <p class='ocr_par' dir='ltr' id='par_1_9' title="bbox 0 0 1910 4578">
     <span class='ocr_line' id='line_1_27' title="bbox 0 0 1910 4578; baseline 0 3"><span class='ocrx_word' id='word_1_266' title='bbox 0 0 1910 4578; x_wconf 95' lang='lat' dir='ltr'><strong> </strong></span> 
     </span>
    </p>
   </div>
  </div>
 </body>
</html>
