3812 4578
255 1434 377 1572 Ante
409 1489 483 1566 hoe
516 1489 710 1562 triennium
737 1486 1052 1564 commilitonibus
1085 1489 1314 1588 philologiae
1346 1491 1538 1582 studiosis,
1586 1496 1651 1590 qui
1683 1496 1721 1566 in

255 1645 510 1744 augustissimi
532 1641 711 1717 Electoris
728 1638 984 1718 natalibusde
1008 1647 1175 1741 praemio
1199 1643 1414 1742 eruditionis
1435 1645 1623 1722 decertare
1637 1648 1721 1723 vel-

255 1796 353 1886 lent,
394 1794 470 1868 hoc
494 1775 752 1889 argumentum
777 1805 1064 1888 proposueram,
1093 1807 1134 1866 ut
1158 1793 1319 1870 Platonis
1344 1795 1392 1870 de
1416 1797 1579 1895 Legibus
1603 1798 1721 1874 libros

258 1968 341 2016 oum
364 1945 420 2034 iis,
442 1929 538 2041 quae
564 1940 611 2014 de
635 1939 769 2015 veteris
791 1939 967 2012 Graeciae
990 1965 1105 2037 quum
1130 1941 1295 2040 reliquae
1310 1959 1388 2018 tum
1405 1948 1586 2048 imprimis
1601 1945 1720 2020 Athe-

249 2121 387 2172 narum
402 2093 548 2195 legibus
566 2109 677 2192 etque
691 2095 863 2186 institutis
880 2110 966 2170 nota
987 2111 1119 2188 essent,
1144 2113 1401 2196 compararent
1421 2101 1482 2190 ita,
1500 2116 1541 2172 ut
1557 2102 1730 2197 primum

256 2245 409 2345 quidem
441 2243 624 2318 librorum
655 2243 805 2318 illorum
828 2240 973 2315 indoles
999 2258 1111 2340 atque
1137 2245 1330 2319 consilium
1355 2245 1489 2320 elarius
1515 2263 1720 2347 appareret,

133 2414 136 2419 ’
244 2395 393 2474 ,deinde
416 2419 506 2470 vero
530 2395 640 2467 etiam
663 2395 926 2492 experiremur,
950 2391 1086 2490 ecquid
1102 2392 1190 2466 inde
1206 2393 1300 2468 lueis
1315 2397 1354 2467 in
1371 2399 1473 2496 ipsas
1492 2402 1720 2472 Graecorum

257 2570 318 2618 res
343 2543 513 2642 publicas
539 2539 776 2631 redundaret,
800 2541 981 2638 imprimis
1006 2543 1045 2612 in
1069 2542 1131 2639 jus
1153 2547 1312 2616 Atticum
1330 2570 1350 2617 a
1366 2543 1499 2618 Solone
1517 2545 1719 2634 eonditum,

257 2693 360 2794 quod
384 2692 487 2806 Plato
513 2696 551 2765 in
575 2692 762 2767 nonnullis
779 2707 877 2764 certe
892 2718 968 2768 non
985 2695 1106 2766 minus
1122 2711 1268 2768 secutus
1286 2719 1366 2769 esse
1391 2694 1589 2786 videretur,
1605 2703 1718 2792 quam

257 2815 385 2918 Cicero
396 2847 435 2916 in
451 2830 560 2916 simili
576 2866 689 2942 opere
707 2843 809 2940 leges
828 2839 1025 2914 duodecim
1047 2842 1257 2916 tabularum
1274 2858 1358 2915 ante
1375 2843 1501 2916 oeulos
1519 2842 1719 2918 habuisset.

256 2965 301 3066 ot
327 3018 437 3066 nemo
457 2995 628 3066 inventus
654 3005 727 3082 est,
770 2993 899 3088 quiin
926 3015 968 3064 ea
994 2993 1209 3088 quaestione
1234 2989 1413 3064 solvenda
1437 3016 1589 3089 operam
1614 3019 1719 3066 suarn

257 3160 465 3234 ostentaret,
486 3145 563 3217 sive
588 3145 675 3240 quia
702 3141 811 3212 nimis
838 3135 1055 3236 impeditam
1074 3155 1109 3211 et
1133 3125 1274 3214 virilius
1292 3143 1368 3212 suis
1388 3142 1569 3236 majorem
1588 3145 1719 3217 existi-

256 3291 418 3379 mabant,
441 3293 518 3364 sive
543 3293 628 3388 quia
644 3263 795 3386 'aliquid
819 3285 918 3378 inde,
943 3285 1046 3384 quod
1073 3301 1256 3358 tantorum
1281 3288 1501 3362 solemnium
1530 3295 1721 3390 majestate

257 3431 411 3536 dignum
437 3452 543 3526 esset,
567 3436 664 3506 effici
688 3462 797 3534 posse
823 3435 1088 3534 desperabant;
1115 3455 1343 3536 quapropter
1367 3427 1491 3515 meum
1517 3468 1597 3516 esse
1620 3427 1720 3537 duxi,

135 3633 140 3644 ·
257 3591 322 3686 qui
339 3613 421 3660 eam
437 3588 725 3686 proposuissem,
750 3589 870 3683 ipsum
897 3588 1004 3682 quasi
1029 3583 1209 3682 judicium
1227 3613 1349 3664 meum
1375 3595 1469 3664 tueri
1493 3608 1529 3664 et
1554 3593 1720 3688 periculo

256 3742 354 3815 facto
377 3767 498 3839 neque
525 3738 678 3824 arduam
704 3741 812 3812 nimis
838 3761 959 3836 neque
984 3721 1152 3836 jejunam
1178 3757 1213 3814 et
1238 3741 1396 3814 sterilem
1422 3741 1534 3814 fuisse
1556 3738 1719 3815 demon-

257 3912 382 3985 strare,
405 3895 589 3993 simulque
617 3889 784 3967 debitum
809 3897 1066 3992 Angustissimi
1086 3896 1266 3993 Principis
1282 3890 1393 3965 natali
1418 3915 1552 3962 munus
1574 3887 1720 3988 depen-

219 4123 226 4134 ,
258 4039 366 4134 dere,
403 4034 458 4117 ne'
475 4061 537 4117 aut
563 4060 698 4117 temere
726 4042 813 4115 olim
840 4011 1062 4140 promissum
1091 4060 1153 4116 aut
1177 4045 1333 4139 turpiter
1356 4063 1453 4114 nune
1477 4017 1723 4115 deserenti
