3812 4578
959 345 1024 430 90

887 457 1102 478 ψ

266 605 397 695 stituit,
423 597 519 676 adeo
543 591 640 673 certa
666 612 702 671 et
726 594 901 674 omuibus
925 595 1088 670 numeris
1116 595 1285 674 absoluta
1311 622 1390 672 esse
1415 603 1654 698 existimavit,
1688 621 1729 682 ut

266 752 359 828 nihil
375 751 548 850 posteris
582 744 854 822 emendandum
887 743 946 819 vel
978 745 1228 845 supplendum
1259 731 1501 850 relinqueret,
1524 755 1591 828 sed
1614 755 1728 830 iden-

267 901 381 975 tidem
406 915 533 974 monet
557 896 671 972 multa
696 922 717 970 a
739 921 782 971 se
807 898 1064 994 praetermitti,
1097 921 1194 995 quae
1225 899 1357 974 melius
1381 897 1585 977 secundnm
1612 907 1728 1004 ipsius
1771 977 1774 984 .

268 1055 419 1152 vestigia
445 1078 466 1126 a
490 1051 701 1152 junioribus
724 1045 1072 1140 constituantorffl),
1105 1041 1241 1150 neque'
1260 1065 1356 1124 vetat
1387 1056 1541 1152 corrigi,
1565 1049 1612 1126 ‘si
1637 1054 1729 1153 qnid

268 1233 338 1281 usu
364 1207 523 1304 expertis
546 1202 824 1300 magistratibus
851 1204 973 1274 minus
999 1199 1178 1299 placuerit
1193 1200 1261 1293 ⁶²);
1295 1195 1518 1304 tantumque¹
1539 1203 1660 1300 abest,
1689 1222 1730 1280 ut

270 1380 316 1430 ex
340 1354 421 1433 solo
446 1356 583 1455 ingenii
609 1377 653 1426 ac
677 1349 936 1451 philosophiae
956 1350 1058 1424 fonte
1085 1349 1178 1424 haec
1203 1355 1326 1426 omnia
1347 1351 1554 1453 promenda
1574 1356 1729 1452 duxerit,

178 1521 182 1534 '
269 1523 309 1580 ut
341 1504 528 1580 nonnullis
563 1506 602 1575 in
636 1502 750 1575 rebus
783 1505 864 1601 ipse
887 1487 1044 1575 lectores
1068 1501 1117 1575 ad
1140 1519 1280 1578 veteres
1303 1504 1428 1602 legum
1453 1495 1730 1583 latoresremi-

270 1657 357 1730 serit
372 1651 439 1744 9ὅ),
480 1652 641 1752 plurima
673 1669 792 1725 autem
828 1678 943 1750 quum
976 1653 1133 1727 aliorum
1165 1669 1240 1727 tum
1275 1639 1418 1728 solonis
1443 1681 1486 1728 ex
1511 1657 1656 1756 legibus
1679 1661 1731 1732 ita

269 1809 502 1908 expresserit,
525 1823 565 1879 ut
585 1831 758 1880 numeros
784 1821 923 1880 tantum
948 1821 985 1908 et
1009 1805 1100 1897 alia,
1116 1831 1211 1906 quae
1235 1806 1382 1882 levioris
1407 1812 1582 1881 momenti
1600 1825 1730 1902 essent,

270 1984 340 2035 suo
364 1956 506 2058 judicio
529 1961 747 2030 immutaret.
797 1959 974 2048 Quamvis
999 1959 1094 2029 enim
1120 1981 1199 2029 rem
1228 1952 1417 2054 publicam
1442 1957 1731 2055 Atheniensium,

270 2110 417 2212 qualem
455 2135 521 2185 sua
554 2124 670 2182 aetate
703 2124 845 2198 nosset,
870 2109 1046 2182 acerrime
1072 2107 1225 2198 odisset,
1251 2104 1435 2180 Solonium
1461 2120 1602 2201 tamen,
1629 2111 1730 2184 unde

269 2258 373 2330 illam
398 2255 641 2353 degenerasse
666 2260 801 2354 potius·
821 2283 932 2356 quam
967 2273 1176 2356 generatam
1210 2279 1290 2328 esse
1323 2257 1448 2346 sciret,
1478 2259 1565 2330 satis
1589 2259 1732 2356 magnis

273 2404 447 2480 laudibus
479 2404 748 2504 praedicate),
780 2433 902 2505 neque
935 2408 1142 2507 quidquam
1167 2409 1283 2507 magis
1313 2404 1594 2506 reprehendisse
1624 2411 1663 2481 in
1688 2431 1732 2480 ea

274 2555 438 2644 videtur,
480 2579 592 2653 quam
619 2557 723 2656 quod
747 2545 1003 2657 depravationi
1025 2561 1210 2657 ingruenti
1236 2553 1417 2632 arcendae
1441 2562 1563 2658 impar
1584 2560 1732 2650 luisset;

275 2727 392 2808 quare
411 2702 647 2780 fundamenta
674 2709 826 2781 civitatis
851 2706 1067 2780 condendae
1078 2697 1106 2780 'a
1126 2710 1388 2803 Spartanorum
1413 2709 1582 2782 institutis
1606 2722 1732 2803 petere

277 2856 423 2947 maluit3
447 2852 569 2956 legam
597 2872 718 2928 autem
737 2853 916 2954 exempla,
942 2853 1079 2951 quihus
1096 2851 1137 2923 hi
1153 2866 1329 2942 carerent,
1344 2853 1569 2954 accuratiora
1587 2857 1732 2953 magis-

178 3042 200 3086 :
277 3033 349 3106 que
367 3005 414 3080 ad
431 3029 559 3080 omues
577 3007 672 3076 vitae
689 3002 807 3078 civilis
824 3029 929 3077 casus
946 2999 1222 3088 accommodata
1240 3001 1405 3072 invenire
1421 3021 1495 3072 non
1513 3015 1656 3097 poterat
1672 2998 1732 3101 95),

276 3159 488 3256 praesertim
522 3174 637 3252 quum
670 3151 757 3225 Solo
789 3168 825 3224 et
860 3155 939 3248 ipse
973 3153 1187 3248 neutiquam
1223 3151 1344 3223 omnia
1376 3173 1473 3222 nova
1497 3154 1732 3249 excogitasse,

279 3419 710 3438 W

348 3591 501 3670 oblegg.
526 3590 611 3658 vap
612 3591 735 3656 Attin
758 3593 837 3654 Vlll,
857 3591 1003 3660 petam
1025 3593 1075 3656 lx,
1096 3611 1122 3661 p,
1142 3592 1253 3654 stam
1274 3592 1326 3654 111,
1341 3590 1487 3659 paren,
1479 3587 1573 3652 ·,xtt
1592 3587 1731 3658 patto.

346 3687 395 3753 62)
413 3685 485 3739 lhid.
503 3684 553 3747 Vl,
572 3704 599 3752 p.
617 3685 668 3737 tw
686 3685 710 3736 B
730 3691 804 3752 etp.
826 3687 878 3740 tte
897 3687 919 3738 B
938 3705 979 3752 sq.
1221 3703 1223 3708 ·

346 3779 484 3847 99)11]111.
504 3779 583 3844 Vlll,
603 3797 629 3846 p.
647 3777 749 3837 89919,

344 3881 393 3946 99)
412 3879 500 3946 lagg.
518 3873 573 3936 111,
592 3891 618 3940 p.
635 3872 686 3926 998
707 3874 737 3925 ll.

345 3980 394 4044 65)
412 3973 444 4028 19
471 3973 559 4040 ipsum
589 3969 716 4038 quarraria
744 3971 872 4022 lactinaen
896 3975 925 4022 et
950 3969 1050 4022 misere
1075 3968 1227 4022 dilacerato
1252 3968 1313 4017 loco
1331 3961 1431 4016 teatrrri
1457 3961 1569 4016 ridetur
1588 3964 1732 4020 Himerius

282 4078 331 4132 0r.
349 4070 455 4126 xxvi.
473 4065 499 4128 5,
518 4084 543 4132 p.
561 4065 613 4118 828
632 4065 775 4119 tter-naa:
794 4065 819 4114 11
836 4063 965 4117 [licitum
985 4067 1057 4123 σοφόν
1074 4065 1191 4129 ductam
1210 4061 1296 4113 Σιίλων
1313 4094 1320 4110 ·
1337 4092 1367 4108 ··
1431 4097 1433 4104 ι
1586 4051 1589 4058 ’
