3812 4578
967 407 999 493 t

873 515 1090 538 -ιιιιιιιιιιὴ

247 659 393 736 consilii
403 655 613 733 diversitate
630 655 785 728 diversis
804 649 926 726 modis
942 656 1089 726 tractari
1108 679 1130 728 a
1147 658 1708 760 sammopbilosopbopotsisu

244 826 459 911 paterentur
471 795 512 882 θ).
536 809 652 882 Nobis
668 823 802 897 tamen,
825 810 890 906 qui
900 805 1088 880 Platonem
1105 810 1181 882 suis
1198 811 1315 908 ipsios
1332 789 1539 912 praeceptis
1556 811 1707 886 obtem-

245 979 435 1062 perantem
460 985 536 1033 non
561 983 709 1056 semper
722 962 762 1029 in
778 957 862 1030 luce
883 955 1055 1030 aetherea
1076 929 1320 1058 coelestisque
1336 964 1538 1060 sapientiae
1556 960 1710 1058 fastigiis

244 1113 427 1207 haesisse,
460 1137 589 1186 verum
616 1108 804 1183 interdum
832 1111 940 1182 etiam
966 1107 1015 1182 ad
1039 1113 1250 1184 mortalium
1277 1112 1449 1188 tenebras
1473 1108 1712 1184 illustrandas

243 1263 516 1361 solvendosque
542 1267 694 1337 miseros
719 1265 861 1337 vinctos
884 1261 1040 1364 rediisse
1053 1260 1086 1329 8)
1119 1263 1327 1356 credimus,
1365 1262 1487 1337 fraudi
1519 1259 1594 1335 boc
1623 1281 1708 1332 esse

242 1419 390 1510 nequit,
431 1437 553 1510 neque
594 1429 649 1486 est
689 1439 755 1486 cur
787 1411 877 1512 post'
906 1411 1136 1487 doctissimas
1176 1412 1384 1488 Tbierschii
1408 1412 1452 1506 4),
1493 1409 1645 1485 Secheri
1665 1405 1709 1500 ὅ),
1799 1397 1801 1402 ’

241 1564 398 1661 Diltheji
419 1559 451 1625 θ)
489 1561 754 1660 disputationes
786 1564 1080 1660 intempestivam
1111 1560 1212 1633 illam
1247 1560 1516 1637 dubitationem
1547 1560 1706 1660 amplius

240 1713 491 1813 explodam,
516 1715 731 1812 praesertim
753 1737 869 1812 quum
893 1713 1072 1811 peculiari
1091 1712 1227 1788 horum
1244 1713 1425 1790 librorum
1439 1713 1569 1830 indole
1583 1711 1703 1786 intel-

238 1866 332 1940 lecta
366 1865 476 1939 simul
512 1869 621 1939 etiam
653 1867 843 1941 Platonem
874 1891 998 1965 neque
1033 1883 1158 1972 actum·
1187 1871 1306 1966 egisse
1338 1891 1459 1964 neque
1482 1867 1556 1948 sibi
1579 1833 1703 1964 ipsam

239 2015 504 2089 contradixisse
537 2030 723 2114 appareat.
782 2017 940 2086 Tantum
966 2017 1064 2087 enim
1090 2013 1193 2089 abest
1218 2033 1258 2089 nt
1281 2015 1451 2089 in'libris
1476 2014 1524 2089 de
1549 2015 1702 2088 Civitate

236 2171 314 2265 jam
340 2168 441 2266 leges
475 2167 577 2240 Plato
612 2165 754 2257 tulerit,
795 2180 833 2238 ut
866 2181 902 2238 et
925 2165 1029 2238 illam
1054 2190 1132 2238 rem
1165 2129 1356 2264 publicam
1390 2181 1433 2238 et'
1450 2158 1697 2263 quaecunque

236 2323 335 2393 viros
370 2317 491 2391 bonos
523 2320 768 2416 et-sapientes
791 2331 1003 2414 praesentes
1027 2330 1189 2389 rectores
1213 2314 1363 2406 habeat,
1385 2303 1531 2414 legibus
1555 2313 1700 2412 scriptis

237 2472 387 2542 omnino
405 2492 529 2538 carere
546 2491 657 2562 posse
673 2465 871 2538 contendat
885 2465 937 2558 ⁷);
969 2465 1038 2540 has
1063 2471 1160 2540 enim
1176 2481 1459 2568 praeceptorum
1476 2475 1592 2546 instat·
1607 2491 1700 2557 esse,

234 2639 332 2714 quae
356 2615 521 2688 medicos
546 2615 679 2688 absens
704 2631 855 2712 aegroto
877 2615 1086 2716 reliquerit;
1117 2645 1214 2716 quae
1239 2622 1410 2717 quamvis
1436 2616 1637 2717 prudenter
1662 2629 1698 2688 et

234 2766 464 2842 considerate
483 2766 531 2840 ad
550 2767 710 2840 sutorum
736 2770 791 2842 rei
814 2784 986 2843 eventum
1011 2772 1214 2868 excogitata
1238 2773 1321 2861 sint,
1346 2769 1428 2842 fieri
1447 2782 1568 2842 tamen
1586 2769 1696 2866 posse

232 3002 667 3023 W
751 3015 755 3022 ι

299 3169 330 3236 2)
349 3172 457 3238 Agmen
477 3185 574 3222 eorum
592 3168 668 3224 ducit
686 3169 791 3238 Aetius,
811 3173 860 3241 qni
878 3173 952 3242 quod
968 3174 1029 3240 jam
1047 3174 1076 3228 in
1094 3192 1192 3230 nomm.
1210 3177 1245 3230 ad
1264 3175 1424 3230 Phaedram
1441 3193 1468 3244 p.
1483 3173 1539 3228 aaa
1552 3162 1693 3244 si'gniflea·

229 3270 328 3325 verat,
351 3264 440 3315 fusius
457 3272 620 3332 persecutus
638 3273 681 3322 cst
700 3265 727 3319 in
748 3267 871 3321 Platon'a
891 3269 985 3323 beben
1003 3272 1060 3324 und
1080 3271 1221 3326 Schriften
1239 3291 1265 3340 p.
1281 3270 1453 3336 ata-8923
1480 3286 1582 3339 pancos
1598 3277 1691 3324 tamen

43 3395 48 3421 ‚
170 3385 172 3389 ·
227 3347 321 3410 seeum
340 3354 368 3404 in
387 3371 510 3406 errorem
527 3357 623 3420 traxit,
642 3375 760 3426 qnorum
777 3360 805 3413 in
822 3379 938 3416 numero
957 3364 1045 3418 miror
1060 3366 1146 3423 etiam
1164 3367 1384 3420 Achormannum
1403 3382 1463 3440 ease
1482 3363 1510 3418 in
1528 3365 1603 3422 libro
1617 3344 1691 3436 opli-

227 3467 290 3505 mtte
307 3447 398 3517 frugis
413 3445 494 3515 pleno
512 3446 560 3500 das
578 3449 748 3508 christliche
767 3455 806 3508 im
826 3457 909 3512 Plato
926 3476 954 3528 p.
976 3457 1020 3510 22.

297 3571 329 3640 ὃ)
347 3571 390 3624 Gi.
404 3568 529 3637 Repulit.
549 3569 615 3634 vlt,
634 3588 663 3640 p.
677 3572 730 3630 ⁶19
747 3576 854 3633 0-521
872 3581 905 3636 B.

292 3659 324 3759 a)
340 3691 375 3744 n
392 3690 492 3744 amat.
510 3689 664 3746 vastatos.
682 3691 761 3760 aste,
779 3695 842 3752 vn
860 3698 917 3764 111,
935 3717 961 3768 a
977 3698 1088 3754 oe-ta

291 3807 323 3880 5)
339 3811 437 3864 Ueber
455 3809 579 3866 Platon’t
597 3809 739 3870 Schriften
755 3833 785 3886 p.
802 3816 948 3874 434-449.

284 3927 320 3998 ⁴8)
338 3933 372 3985 ln
388 3946 488 3986 eoram
504 3931 628 4000 praemio
648 3943 763 4003 onata,
788 3954 860 4007 quae
877 3939 1041 3995 imoribitar
1058 3939 1267 3998 Platonicam
1285 3941 1423 4000 librorum
1441 3947 1476 4001 tle
1493 3947 1606 4019 legibus
1623 3963 1687 4002 sn·

126 4073 128 4080 .
220 4037 295 4092 nu,
312 4039 380 4094 qno,
401 4043 521 4094 quonam
537 4028 604 4095 jare
622 4029 736 4086 Platoni
753 4030 890 4089 vindicari
906 4035 1023 4106 possint,
1040 4037 1195 4108 adpetente
1212 4037 1369 4110 Gottingae
1386 4041 1464 4096 1820.
1480 4044 1506 4098 4.

283 4144 646 4221 transnatantes
730 4215 733 4222 ,
