3812 4578
832 337 1063 478 Α,

212 591 395 666 tatoribus
420 590 526 686 quasi
551 588 735 664 ministros
758 583 847 662 belii
871 587 1023 687 gerendi
1040 589 1186 669 additos
1210 591 1381 690 essem),
1406 597 1669 676 verumetiam

212 743 334 841 ipsum
364 736 513 812 creandi
546 737 698 812 modum
722 737 826 813 haud
850 741 927 814 scio
953 763 1000 814 an
1028 743 1231 821 accuratius
1262 741 1352 819 hinc
1384 771 1494 845 quam
1520 743 1670 822 aliunde

213 915 479 990 cognoscamus
493 887 582 963 Μὴ
612 906 653 963 ut
684 891 845 1012 'primum
878 885 1031 987 quidem
1055 893 1392 992 a‘magistratibus,
1432 897 1498 994 qui
1522 897 1669 972 comitia

207 1041 407 1132 haberent,
429 1039 718 1114 'candidatorum
735 1045 900 1114 *nomina
925 1045 1116 1140 proposita
1146 1046 1236 1133 sint,
1271 1040 1405 1116 deinde
1435 1067 1521 1118 vero
1545 1047 1667 1144 ¹cuivis

207 1187 351 1262 licuerit
374 1187 457 1284 jure
479 1185 641 1285 jurando
657 1189 873 1286 interposito
890 1187 1117 1285 singulorum
1138 1188 1311 1264 inlocum
1337 1190 1428 1264 alios
1447 1211 1667 1292 proponere,
1762 1234 1766 1250 ι

205 1340 367 1435 ejusque
391 1339 444 1408 rei
469 1361 583 1434 penes
612 1337 792 1435 populum
818 1335 1035 1434 dijudicatio
1060 1334 1180 1428 fuerit,
1205 1351 1283 1410 tum
1304 1335 1464 1431 demum,
1490 1339 1556 1412 ubi
1572 1365 1667 1414 can-

207 1484 326 1559 didati
357 1509 536 1557 consensu
569 1487 734 1555 omnium
766 1483 948 1582 designati
978 1501 1117 1577 essent,
1158 1484 1312 1561 sublatis
1345 1487 1516 1562 manibus
1546 1473 1665 1560 certus

107 1709 110 1714 A
208 1639 391 1712 numerus
412 1637 547 1710 electus
575 1637 638 1727 sit3
681 1639 819 1734 inquo
842 1638 1025 1710 nemiuem
1052 1637 1230 1728 arbitror,
1274 1637 1339 1735 qui
1371 1637 1579 1709 interiorem
1609 1635 1665 1708 rei

206 1786 379 1887 publicae
395 1784 671 1861 Atheniensium
687 1787 852 1858 notitiam
874 1783 1072 1876 imbiberit,
1097 1785 1278 1883 insignem
1297 1808 1382 1858 cum
1398 1781 1479 1859 aliis
1494 1779 1664 1882 ejusdem

204 1939 376 2010 institutis
400 1898 674 2009 similitudinem
696 1935 825 2034 fugere
847 1959 968 2033 posse.
1024 1935 1145 2006 Unum
1177 1946 1317 2004 tantum
1349 1931 1453 2029 apud
1475 1932 1664 2006 Platonem

207 2087 254 2158 ab
270 2073 546 2159 Atheniensium
570 2107 640 2157 usu
663 2079 835 2153 recedere
852 2081 1008 2172 videtur,
1033 2079 1133 2179 quod
1153 2061 1361 2154 taxiarches
1378 2102 1399 2149 a
1417 2075 1505 2150 solis
1522 2075 1661 2174 pediti-
1730 2059 1733 2074 ⁸

202 2228 299 2320 bus,
330 2229 559 2330 hipparchos
589 2231 638 2304 ab
672 2227 875 2325 equitibus,
909 2193 1133 2328 inspectante
1158 2241 1297 2300 tantum
1321 2223 1465 2323 reliquo
1490 2225 1662 2316 exercitu,

209 2381 325 2453 creari
348 2371 551 2475 jubet155),
575 2370 679 2474 quod
700 2353 855 2480 hthenis
881 2377 929 2452 ab
955 2380 1126 2453 universo
1150 2372 1291 2476 populo
1315 2375 1452 2446 iactum
1470 2397 1548 2446 esse
1566 2392 1661 2444 oon-

207 2543 295 2619 stat;
325 2523 419 2597 illud
441 2540 562 2597 autem
585 2521 645 2595 his
670 2545 821 2619 quoque
843 2526 1007 2597 tribuere
1030 2549 1107 2599 non
1129 2523 1353 2615 dubitamus,
1376 2520 1662 2618 confirmarique
1692 2589 1698 2592 .

206 2678 368 2758 Platonis
401 2675 612 2746 auctoritate
646 2672 867 2744 arbitramur
889 2670 1001 2768 ‚quod
1027 2673 1099 2769 ipsi
1128 2670 1215 2744 olim
1240 2673 1475 2767 conjecimus,
1498 2669 1661 2764 reliquos

116 2874 118 2878 .
208 2821 336 2918 duces,
357 2847 514 2921 quorum
535 2825 653 2892 miuus
671 2838 892 2894 momentum
912 2836 1016 2911 esset,
1040 2825 1302 2920 imperatorum
1323 2821 1488 2919 ipsorum
1506 2818 1658 2891 arbitrio

213 3061 645 3082 W

275 3198 340 3267 168)
359 3197 449 3268 [regg.
468 3193 519 3260 Vi,
538 3211 566 3263 p.
581 3187 634 3246 '155
653 3189 691 3245 Bt
708 3192 743 3244 ci.
762 3189 942 3245 Pnlbonotn.
959 3189 1093 3255 v111,st
1113 3195 1141 3243 ot
1157 3189 1200 3244 94.

273 3316 338 3384 154)
355 3317 397 3367 ct.
416 3313 572 3368 Sohtimunn
588 3314 623 3365 tio
642 3311 761 3366 comitiis
778 3329 807 3380 p.
824 3311 893 3378 328,
920 3312 969 3382 qui
987 3311 1040 3366 etti
1057 3309 1146 3366 nostri
1162 3307 1249 3380 ipsius
1265 3305 1321 3361 loci
1337 3303 1481 3370 meminit,
1506 3309 1601 3360 tamen
1623 3318 1657 3358 uo

207 3411 327 3465 verbum
353 3405 464 3475 quidem
490 3407 558 3460 iecit
575 3407 610 3460 do
628 3404 798 3482 ἅντιπροβολῇ
818 3414 847 3461 et
862 3412 1068 3479 προχειρπονίᾳ,
1095 3389 1168 3473 quoe
1184 3401 1307 3459 omnium
1323 3401 1442 3456 maximo
1458 3416 1509 3453 noo
1525 3397 1658 3454 interut.

206 3506 283 3560 Illud
304 3510 412 3557 tuntum
430 3499 585 3553 Bocchhiut
602 3500 630 3552 in
649 3502 708 3554 ind.
729 3501 819 3555 Loctt.
844 3499 938 3561 Bnrol,
964 3499 1032 3554 1830
1053 3518 1080 3568 p.
1097 3499 1117 3552 6
1134 3497 1205 3552 scito
1225 3515 1258 3552 ex
1274 3501 1369 3550 nottro
1385 3495 1447 3548 loco
1465 3491 1598 3560 collegit,
1615 3489 1658 3540 oi-

204 3595 273 3676 ρεσὲν
290 3608 319 3652 ot
336 3601 490 3667 χειρπανίαν
508 3596 586 3649 nulio
602 3595 759 3649 discrimine
778 3598 852 3667 apntl
868 3603 981 3650 veteres
995 3597 1082 3651 dictos
1100 3611 1177 3659 “⁸⁰3
1197 3593 1231 3645 cf·
1249 3588 1399 3645 behrbnch
1415 3589 1439 3652 5.
1459 3585 1520 3648 us,
1537 3600 1564 3636 n.
1580 3583 1606 3638 1.

278 3717 344 3785 ltt)
362 3717 452 3785 Legg.
471 3713 522 3778 Vl,
540 3731 568 3781 p.
586 3711 638 3768 too
653 3715 695 3778 A,
712 3716 762 3769 uhi
781 3717 883 3770 mirum
901 3721 945 3771 est
961 3715 1099 3771 nerninem
1114 3713 1234 3778 vidisse,
1255 3724 1338 3779 quom
1355 3704 1474 3761 ebeni-de
1491 3703 1575 3770 paulo
1592 3708 1659 3760 nuto·

138 3867 140 3872 .
209 3817 254 3874 edi
267 3815 357 3870 uolent
374 3809 581 3880 χειρπονούντων
597 3807 625 3859 δέ
644 3811 798 3880 πρατηγοιὶς
809 3811 856 3872 μέν
869 3812 911 3862 nai
925 3811 1070 3883 ἱππάρχους
1079 3809 1183 3866 πάντες,
1198 3819 1283 3874 quum
1297 3801 1337 3854 ibi
1356 3799 1389 3851 tie
1402 3796 1534 3866 strategis
1548 3793 1676 3852 tautum'

207 3928 297 3966 nmo
315 3922 375 3962 osso
393 3901 499 3974 ponit3
518 3900 658 3974 ἱππάρχων
674 3901 756 3968 onim,
774 3920 837 3958 mon
853 3902 1009 3978 subjungit,
1026 3902 1179 3960 mama
1194 3897 1256 3966 ἡμῖν
1272 3897 1312 3948 ἔτι
1327 3892 1402 3960 λοιπή
1417 3895 1537 3958 γίγνοιτο,
1554 3905 1657 3962 sosque

174 4035 177 4042 »
207 4007 290 4074 longe
306 4000 370 4057 aliis
388 3996 520 4052 meando·
537 3993 686 4051 attribuit!
