3812 4578
956 365 1020 450 26

878 481 1094 496 Μ

258 621 433 718 heredem
456 615 660 709 'scribcrctj
694 593 829 711 reliqui
854 609 912 684 rel
937 609 1136 708 adoptione
1161 614 1198 684 in
1222 611 1311 686 alias
1338 610 1479 722 'domos
1510 598 1718 710 transirent,

261 772 319 846 vel
351 769 520 854 extorres¹
548 773 584 840 iu
620 768 782 841 c'olouias
797 765 799 770 ’
817 763 1076 860 ablegarentur
1095 761 1161 855 84);
1213 763 1315 863 quod
1342 791 1362 838 a
1387 767 1549 866 Lycurgi
1573 769 1717 868 legibus

260 945 411 1019 prorsus
449 919 608 994 alienum
642 941 722 991 esse
754 937 869 1011 quum
908 911 986 983 aliis
1020 912 1131 986 rebus
1150 907 1199 978 85)
1231 928 1307 986 tum
1344 914 1489 1013 Polybii
1513 923 1717 993 testimonio

262 1069 519 1161 confirmatur,
550 1093 625 1166 quo
650 1067 849 1142 edocemur
875 1069 1027 1165 Spartae
1060 1065 1231 1163 pluribus
1257 1066 1432 1140 fratribus
1465 1069 1525 1142 rel
1556 1095 1718 1160 uxorem,

260 1221 396 1296 nedum
427 1246 507 1294 rem
540 1218 755 1292 familiarem
790 1241 1022 1293 communem
1055 1215 1195 1290 habere
1219 1219 1362 1295 licuisse
1378 1215 1448 1314 ὅθι
1487 1238 1527 1295 ut
1552 1225 1718 1296 omittam

258 1370 465 1462 Platonem,
507 1375 571 1470 qui
601 1371 675 1445 hoc
708 1375 747 1443 iu
779 1372 864 1444 loco
900 1367 1067 1442 distincte
1106 1384 1245 1472 veteres
1279 1369 1403 1468 legum
1427 1371 1562 1447 latores
1584 1397 1719 1472 repre-

258 1521 407 1611 hendit,
449 1523 515 1616 qui
546 1517 763 1634 testamenti.
781 1520 979 1593 factionem
1014 1501 1355 1594 omuinoliberam
1392 1526 1640 1621 permisissent
1655 1519 1718 1615 θλ),

264 1675 294 1744 si
316 1676 526 1770 Lycurgum
546 1668 605 1742 vel
624 1668 735 1742 alium
755 1683 913 1744 veterem
931 1667 1063 1742 ducem
1082 1672 1118 1743 in
1146 1696 1190 1744 eo
1207 1671 1360 1746 artificio
1386 1671 1592 1768 habuisset,
1616 1675 1718 1750 hune

261 1839 295 1896 et
328 1821 475 1896 illorum
509 1807 664 1900 numero
697 1835 924 1895 exem’turum
950 1838 984 1894 et
1010 1827 1223 1896 auctoritate
1247 1825 1363 1924 ipsius
1394 1841 1523 1900 contra
1555 1826 1718 1927 reliquos

261 2002 412 2050 usurum
447 1974 569 2047 luisse.
626 1977 744 2073 Ipsam
770 1991 890 2048 autern
917 1997 1092 2072 agrorum
1124 1971 1360 2065 divisionem,
1389 1999 1548 2071 quorum
1580 2002 1718 2074 aequas

263 2145 385 2223 partes
420 2125 570 2200 delinito
613 2127 746 2202 civium
789 2149 943 2200 numero
981 2124 1165 2200 distribuit
1209 2149 1327 2224 eoque
1358 2125 1439 2244 solo
1477 2122 1717 2198 fundamento

263 2367 677 2379 mss-—ae-..nn
684 2372 694 2378 .

329 2523 378 2590 84)
397 2522 484 2593 λινες.
503 2521 539 2582 V,
560 2539 585 2589 p.
602 2521 655 2576 tto
674 2522 715 2585 83
732 2521 786 2585 Xl,
805 2540 832 2590 p.
846 2476 902 2577 Ι923
920 2526 951 2578 0.

262 2641 264 2648 ’
331 2643 381 2712 85)
399 2645 442 2700 cl.
461 2659 533 2711 quac
551 2642 578 2694 iu
598 2641 667 2710 disp.
686 2641 732 2695 cit.
749 2660 775 2711 p.
793 2641 828 2697 8⁰
843 2660 904 2713 sqq.
921 2644 977 2698 dixi
996 2650 1094 2701 contre
1112 2648 1297 2703 Plutarchum
1318 2647 1393 2717 apud
1406 2646 1536 2701 Proeluur
1552 2645 1588 2699 ud
1605 2644 1719 2698 Heriod.

262 2743 282 2794 ε’.
299 2759 320 2791 ν.
337 2737 362 2807 ἡ.
377 2737 445 2800 bid,
476 2736 524 2804 qui
551 2735 711 2805 Lycurgum
740 2736 853 2790 Plutoni
880 2737 933 2790 buc
957 2738 986 2789 iu
1012 2756 1043 2791 re
1069 2737 1222 2808 praeivisse
1241 2741 1343 2794 tradita
1376 2741 1419 2792 ιιαλ
1443 2739 1557 2790 Πλάτων
1575 2737 1665 2790 ἕπετον
1682 2737 1720 2808 τῷ

258 2837 362 2906 Ἡσιόδῳ
381 2835 422 2887 καλ
435 2832 595 2905 Ξενοκράτης,
617 2834 659 2883 rai
674 2831 817 2904 Aureipree
834 2833 883 2905 πρὸ
900 2834 1006 2894 τούτων,
1025 2835 1051 2884 οἳ
1065 2835 1160 2893 πάντες
1176 2833 1253 2903 ᾤοντο
1271 2834 1324 2886 δεῖν
1341 2832 1386 2885 ε”να
1402 2832 1548 2904 κληρονόμον
1565 2833 1720 2886 καταλιπεῖν.

330 2955 381 3023 86)
402 2955 503 3024 Polyb.
521 2969 576 3008 cxc.
594 2955 612 3006 l
631 2953 656 3006 Χ
661 2953 700 3018 11,
719 2970 742 3006 c.
759 2953 777 3006 o
793 2951 820 3005 in
837 2955 870 3006 A.
888 2952 961 3019 Majt
980 2952 1088 3022 scriptt.
1107 2957 1179 3007 rett.
1198 2969 1215 3005 ο
1233 2951 1309 3007 codd
1326 2954 1404 3008 Vult.
1424 2953 1458 3006 Τ.
1471 2953 1512 3019 ll,
1529 2972 1556 3023 p.
1569 2953 1629 3010 384.
1663 2955 1721 3010 Μί-

263 3071 326 3108 rum
343 3053 468 3123 prolecto
487 3049 540 3102 lroc
558 3050 620 3102 loeo
637 3053 749 3117 roperto
766 3047 851 3101 etium
869 3064 939 3099 nunc
959 3065 1036 3112 erre,
1062 3047 1110 3114 qui
1129 3045 1318 3114 majoratuum
1339 3047 1461 3117 vestigia
1476 3048 1551 3116 apud
1569 3049 1720 3118 Spartanos

263 3148 387 3208 inreuiro
404 3146 458 3201 ribi
477 3146 635 3209 rideantur,
653 3150 687 3199 ut
705 3144 736 3198 (l.
752 3143 790 3200 Η.
802 3142 1032 3197 Lachmannurin
1049 3142 1123 3196 libro
1133 3159 1228 3196 recens
1239 3143 1333 3197 edito:
1350 3142 1396 3197 die
1406 3142 1599 3213 spurtunircbe
1611 3145 1720 3200 Stuutr-

258 3245 429 3314 vvorlarruug
446 3241 473 3294 in
490 3240 568 3294 ihrer
590 3240 801 3310 Entwiclreluug
818 3240 874 3292 und
886 3237 977 3290 ilrrem
992 3237 1396 3304 verrattervmttuav.1eto,
1413 3238 1443 3306 8)
1462 3257 1492 3308 p.
1504 3238 1558 3294 tta
1570 3240 1720 3309 rqq5uude

264 3353 349 3404 orrum
369 3335 459 3388 aliena
480 3335 649 3388 Graecorum
666 3333 776 3410 ingenio
794 3332 890 3398 luerit,
910 3332 969 3402 ipse
988 3329 1114 3386 Plutonis
1131 3333 1208 3384 locus
1228 3334 1326 3397 docet,
1344 3331 1395 3386 ubi
1412 3331 1480 3387 licut
1497 3332 1545 3386 uui
1561 3340 1671 3389 tuntum
1688 3350 1721 3386 cr

265 3429 331 3482 filiis
357 3429 552 3498 patrimonium
580 3430 751 3492 «luminetur,
789 3435 881 3480 tauron
907 3426 1084 3496 utpoto'pari
1103 3415 1224 3478 omnium
1239 3427 1306 3492 jure
1324 3425 1398 3496 putri
1416 3427 1509 3481 libera
1525 3427 1602 3496 optio
1620 3427 1719 3490 dutur3

266 3521 407 3594 praecipui
424 3509 536 3574 horroris
554 3521 671 3574 inaximo
690 3529 758 3575 natu
778 3522 869 3577 hahiti
886 3521 1058 3600 uelrcirrtillo
1078 3519 1191 3589 quidem
1210 3513 1336 3595 apparel.

333 3632 381 3696 81)
400 3627 475 3698 Quid
496 3629 569 3696 quod
587 3627 640 3698 ipsi
660 3631 791 3701 Lycurgo
808 3632 862 3683 hoc
881 3632 982 3686 tribuit
1002 3632 1168 3692 Aristoteles
1188 3630 1353 3695 Politian,
1372 3629 1397 3682 u.
1417 3629 1466 3681 lo:
1484 3629 1605 3680 ὠνεῖσθαι
1617 3625 1721 3698 ulryrlp

264 3730 283 3802 ἢ
299 3728 391 3782 πωλεῖν
415 3726 464 3792 τήν
487 3723 651 3797 εἰπιλρχοειααν
673 3729 787 3793 ἐποίησεν
813 3729 842 3778 ori
865 3729 987 3779 καλὸν..
1006 3765 1012 3779 .
1032 3728 1129 3779 διδόναι
1153 3727 1181 3779 dl
1210 3726 1250 3778 καλ
1274 3725 1432 3777 καταλείπειν
1450 3724 1562 3780 ἐξουσίαν
1579 3721 1652 3772 ε”ὃοινε
1669 3731 1722 3783 τοῖς

265 3826 428 3893 βουλομένοις.
461 3823 500 3873 At
520 3837 586 3871 roro
604 3817 732 3876 Solonem
749 3819 869 3886 primum
887 3821 1008 3874 liberum
1025 3822 1144 3874 testandi
1160 3819 1309 3872 arbitrium
1328 3817 1425 3870 iecisse
1438 3821 1532 3867 narrat
1552 3815 1721 3868 Plutarchus

265 3922 300 3975 V.
314 3918 407 3972 Solon.
423 3933 445 3967 c.
459 3915 509 3979 21;
528 3921 698 3982 quapropter
717 3912 881 3966 verisimile
900 3923 943 3968 ert
961 3914 1142 3969 Aristotelem
1158 3914 1199 3984 ud,
1207 3915 1368 3982 Lycurgum
1389 3909 1527 3972 retulisse,
1547 3909 1618 3976 quod
1634 3925 1722 3977 nuper

226 4050 230 4058 -
265 4015 376 4066 demum
396 4009 554 4080 perlegom
575 4007 703 4076 Epitudei
721 4007 862 4060 invectum
890 4013 967 4070 erut,
995 4024 1078 4074 quum
1097 4007 1150 4060 hoe
1169 4005 1227 4074 ipro
1246 4005 1354 4058 nuntiae
1374 4005 1503 4073 Lycurgo
1520 4002 1635 4072 oppordt
1653 4004 1722 4058 Plu·

267 4106 379 4160 tttrclrus
398 4104 431 4156 V.
449 4101 528 4172 ugit.
548 4119 571 4152 c.
589 4101 614 4154 ὅ.
1158 4095 1162 4102 “
