3812 4578
218 1276 281 1402 In
311 1317 360 1391 iis¹
391 1339 488 1412 qnae
516 1321 641 1414 'nuper
679 1313 961 1402 indicendorum
993 1315 1251 1416 Angustissimi
1283 1308 1466 1394 Electoris
1506 1321 1681 1421 natalium

219 1496 329 1547 causa
358 1469 407 1544 de
439 1472 600 1571 vestigiis
631 1472 877 1574 institutorum
912 1487 1097 1562 veterum,
1137 1473 1320 1570 imprimis
1349 1474 1577 1566 Atticorum,
1615 1501 1683 1573 per

178 1687 186 1706 ,
217 1621 378 1700 Platonis
397 1620 450 1711 ,de
473 1621 637 1724 Legibus
651 1622 787 1734 ¹libros
819 1621 1358 1722 indagandisdisputavimus,
1398 1636 1433 1695 et
1465 1621 1537 1697 alia
1571 1625 1685 1701 multa
1768 1607 1772 1612 ⁸

218 1777 327 1874 spatii
348 1776 600 1874 temporisque
624 1739 802 1873 anpustiis
827 1777 942 1850 coacti
967 1790 1029 1848 aut
1055 1773 1279 1874 negleximus
1302 1788 1365 1848 aut
1389 1771 1517 1849 leviter
1542 1790 1706 1854 tantum.

220 1941 332 2027 atque
353 1929 392 1999 in
416 1940 628 2000 transcursu
653 1925 849 2022 attigimus,
873 1922 1063 2022 quopolim
1090 1921 1244 1998 sortasse
1269 1925 1412 2021 majore
1435 1923 1511 1996 otio
1536 1882 1684 1998 et'cura

217 2077 354 2153 redire
363 2077 508 2170 licebit;
534 2079 790 2178 gravissimum
815 2091 939 2150 antem
964 2076 1109 2165 locum,
1134 2077 1199 2170 qui
1224 2086 1278 2145 est
1303 2070 1350 2143 de
1374 2072 1456 2168 jure
1481 2069 1683 2148 domestico

103 2257 109 2264 ·
218 2245 253 2304 et
283 2229 482 2319 familiari,
498 2231 564 2300 ita
574 2225 801 2316 distulimus,
850 2238 891 2298 ut
921 2225 1105 2320 integrum
1131 2218 1350 2354 propediem
1376 2244 1444 2294 nos
1466 2235 1684 2298 tractaturos

219 2401 299 2454 esse
331 2376 634 2492 polliceremur.
660 2374 912 2508 Sperabamns
943 2377 1042 2446 enim
1075 2373 1175 2465 iore,
1222 2388 1263 2447 ut
1290 2334 1368 2448 lroc
1400 2397 1553 2472 qnoque
1584 2395 1682 2448 anno

219 2526 447 2604 Serenissimi
477 2526 675 2623 Principis,
718 2525 778 2636 cui
810 2519 859 2598 ab
892 2525 1161 2624 Angustissimo
1192 2526 1341 2598 Patre
1329 2524 1476 2623 imperii
1513 2519 1683 2600 habenae

219 2680 437 2757 commissae
461 2691 557 2769 sunt,
580 2677 721 2751 natales
746 2673 871 2749 debita
897 2699 982 2750 cum
1001 2672 1244 2776 gratulatione
1260 2697 1304 2748 ac
1321 2676 1456 2773 pietate
1471 2669 1685 2756 celebrandi
1734 2697 1739 2704 ·

218 2831 397 2923 redirent;
423 2855 535 2930 quem
561 2855 676 2928 quum
701 2829 825 2902 Divini
849 2827 1017 2901 Numinis
1042 2824 1234 2900 clementia
1259 2821 1307 2898 ad
1330 2821 1566 2921 hnncusque
1583 2821 1682 2898 diem
1750 2815 1753 2818 ¹

221 2981 363 3058 salvum
399 2975 651 3080 sospitemque
682 2979 817 3072 ridere
842 2983 1052 3080 contigerit,
1091 2978 1312 3056 sanstissima
1347 2976 1539 3050 occasione
1572 2973 1684 3052 adid

225 3128 328 3228 quod
356 3132 595 3236 promisimus
630 3129 920 3229 persolvendum
953 3131 1005 3202 uti
1036 3153 1112 3204 non
1144 3094 1438 3200 detrectabimus.
1478 3125 1683 3218 Quoniam

222 3281 407 3352 antemio
430 3279 608 3377 singulari
629 3277 704 3354 hoo
728 3294 945 3378 argumento
970 3277 1079 3352 latius
1107 3279 1302 3376 exspatiari
1333 3277 1435 3367 licet,
1466 3295 1541 3350 nnn
1574 3279 1611 3347 in
1638 3301 1683 3350 eo

219 3427 332 3500 modo
359 3419 608 3518 consistamus,
636 3439 674 3498 ut
698 3428 760 3524 jus
783 3428 942 3500 Atticum
967 3449 1011 3498 ex
1026 3425 1179 3498 Platone
1193 3424 1426 3516 dlostremus,
1450 3423 1518 3498 sed
1532 3447 1682 3498 ommno
1745 3469 1748 3476 ι

219 3579 379 3652 Platonis
403 3575 516 3676 leges,
541 3601 638 3675 quae
660 3573 814 3675 quidem
841 3573 888 3649 ad
913 3573 1070 3650 familias
1092 3573 1273 3673 regendas
1297 3591 1333 3648 et
1355 3576 1624 3651 successionem
1644 3577 1682 3648 in

222 3725 321 3800 bona
347 3725 604 3801 defunctorum
629 3715 824 3827 pertinent,
849 3727 1034 3800 succincta
1057 3689 1287 3800 enarratione
1305 3722 1681 3826 comprehendemus;

224 3899 298 3972 quo
323 3873 423 3951 iacto
444 3879 554 3952 etiam
580 3876 837 3991 similitudines
871 3902 993 3977 aeque
1023 3901 1067 3951 ac
1099 3842 1328 3968 discrimina,
1372 3899 1470 3973 quae
1501 3874 1578 3950 illis
1598 3893 1683 3946 oum

225 4022 377 4125 reliquis
401 4032 531 4106 veteris
557 4032 734 4106 Graeciae
759 4021 928 4108 institutis
952 4025 1199 4122 intercedunt,
1222 4040 1355 4128 sponte
1379 4049 1445 4102 sua
1471 4020 1683 4124 prodibunt

1280 4174 1308 4233 a
1325 4147 1344 4186 ὕ
