3812 4578
912 307 981 416 63,

217 604 344 664 tamen
355 573 503 661 'borum
520 571 672 682 qnoque
687 577 799 654 laenis
814 565 932 652 novos
949 599 992 650 ex
1008 559 1236 676 reliquorum
1253 563 1392 654 civi'nm'
1409 574 1494 650 filiis
1511 573 1682 649 dominos

218 731 423 830 constituit,
454 759 503 808 ne
531 729 734 812 landarum
764 751 959 819 numerus,
978 715 982 724 ’
1000 751 1077 826 quo
1107 741 1184 804 tota
1208 732 1263 804 rei
1291 730 1461 830 publicae
1485 723 1686 822 descriptio

216 891 354 981 nititur,
378 909 545 984 nuquam
562 884 801 956 imminuatur
816 879 891 954 ²⁰²).
941 884 1019 955 Hae
1035 883 1186 958 enimin
1204 909 1292 960 eura
1305 885 1366 962 vel
1379 873 1685 968 Lacedaemoniis

219 1041 487 1141 diligentiorem
511 1021 626 1111 fuisse
648 1026 836 1108 Platonem
862 1033 1033 1150 vidimus,
1055 1035 1195 1110 nedum
1219 1032 1517 1122 Atheniensibus,
1547 1027 1614 1126 qui
1640 1047 1688 1097 ne

217 1192 323 1264 initio
355 1187 507 1287 quidem
540 1182 734 1284 aequalem
767 1208 941 1282 agrorum
974 1183 1270 1261 distributionem
1300 1186 1510 1260 habuerant
1523 1173 1612 1270 ἕως
1641 1174 1687 1246 in
1738 1261 1746 1276 p

218 1339 265 1408 iis
280 1332 404 1427 modo,
420 1359 517 1432 quae
534 1331 584 1407 ad
597 1332 819 1424 familiarum
836 1313 1121 1431 perpetuitatem
1140 1337 1368 1434 spectabant,
1382 1347 1505 1412 tantus
1520 1328 1688 1409 omnium

220 1486 447 1560 Graecorum
474 1509 674 1560 consensus
690 1497 779 1578 erat,
803 1498 842 1557 ut
857 1483 933 1558 hoc
952 1509 1104 1585 quoque
1121 1486 1160 1558 in
1178 1509 1314 1586 genere
1331 1487 1476 1565 Solonis
1490 1487 1593 1588 leges
1609 1503 1688 1557 nott

218 1637 299 1712 sine
311 1636 433 1738 fructu
450 1662 535 1710 cum
549 1632 745 1710 Platonicis
766 1659 983 1736 comparare
998 1636 1105 1745 liceat
1119 1633 1194 1714 ²⁰⁹).
1243 1643 1384 1718 Verum
1401 1640 1485 1735 hoc,
1507 1634 1688 1739 queniam

222 1790 331 1886 spatii
352 1789 529 1886 augustiis
555 1787 796 1883 excludimur,
820 1789 893 1864 alio
917 1758 1085 1890 tempore
1110 1795 1269 1893 experiri
1286 1793 1558 1880 constituimus3
1590 1803 1696 1882 nuuc

222 1965 265 2015 ea
299 1956 439 2016 tanturn
471 1941 634 2017 breviter
663 1943 990 2043 perlustrabimus,
1040 1969 1138 2042 quae
1172 1971 1217 2016 ex
1240 1944 1387 2042 reliquo
1418 1943 1503 2041 jure
1537 1933 1635 2012 civili
1666 1957 1690 2006 a
1740 1965 1741 1970 ¹

219 2070 353 2168 Solone
379 2092 530 2172 condito
553 2092 803 2194 philosophus
828 2097 999 2171 ascivisse
1022 2091 1202 2167 rideatur.
1249 2101 1371 2191 Atque
1392 2093 1503 2184 iniis,
1526 2111 1624 2190 quae
1640 2083 1690 2160 ad

218 2243 314 2318 fines
336 2242 525 2343 regendos
549 2246 831 2341 vicinorumque
864 2241 986 2317 officia
1019 2256 1143 2316 mutua
1168 2257 1204 2315 et
1232 2267 1413 2342 aquarum
1437 2240 1568 2316 duetus
1592 2261 1687 2341 per·
1729 2327 1732 2336 Ι

221 2401 355 2493 tinent,
386 2402 468 2498 ipse
491 2423 562 2472 nos
583 2390 637 2473 'ad
661 2401 834 2499 antiquos
856 2399 982 2500 legum
1005 2399 1146 2473 latores
1176 2399 1325 2472 remittit
1341 2392 1429 2492 ²¹⁰),
1462 2418 1624 2496 qnorum
1647 2391 1689 2465 in

220 2575 379 2627 nurnero
408 2551 593 2623 neminem
625 2549 744 2648 magis
769 2573 883 2646 quam
908 2549 1080 2623 Solonem
1107 2549 1334 2625 censendum
1359 2572 1440 2624 esse
1464 2546 1688 2622 clarissimae

219 2703 345 2806 legum
368 2682 569 2778 Atticarum
590 2699 771 2801 reliquiae
794 2701 1093 2801 ostenduam),
1119 2729 1241 2803 neque
1265 2703 1375 2780 aliam
1401 2701 1582 2801 originem
1606 2715 1686 2770 esse

290 3101 356 3168 att)
372 3103 447 3162 lbid.
468 3104 521 3171 tx,
541 3123 568 3175 p.
584 3103 637 3160 856
655 3105 699 3172 ὓς
717 3104 752 3158 cl.
770 3108 800 3158 et
816 3103 938 3158 similem
957 3104 1093 3158 rationem
1110 3122 1136 3175 p.
1152 3103 1205 3160 flii
1223 3105 1259 3160 tt.

295 3220 360 3284 268)
378 3216 541 3276 Aristotelis
558 3226 727 3278 enim'loons
746 3224 858 3278 Politio.
874 3225 923 3290 ll,
950 3224 977 3278 4.
994 3225 1011 3278 4
1029 3225 1175 3278 obscenior
1192 3231 1255 3291 est,
1282 3236 1367 3292 quatu
1392 3227 1425 3276 nt
1452 3216 1605 3287 quidquem
1622 3215 1686 3270 inde

225 3313 322 3385 colligi
340 3313 442 3379 liceat,
467 3317 525 3368 nisi
539 3321 612 3386 qnod
629 3319 742 3372 aliunde
759 3325 885 3383 constet,
913 3318 1042 3370 Solonem
1060 3317 1234 3386 providisse,
1265 3334 1300 3371 ne
1324 3314 1441 3369 nimium
1458 3315 1533 3368 inter
1549 3305 1687 3385 pauperes

223 3411 426 3480 opulentusque
451 3411 598 3466 discrimen
622 3411 808 3478 intercederet
832 3429 887 3468 usn
915 3412 1081 3480 cujusquam
1098 3411 1192 3467 vietus
1210 3414 1247 3467 ttls
1264 3409 1384 3467 alterins
1400 3416 1471 3466 nuta
1490 3411 1538 3464 vel
1555 3403 1688 3463 munitate

223 3505 374 3576 penderol3
394 3503 431 3555 et.
449 3510 479 3558 et
496 3505 582 3559 Iseer.
598 3505 699 3575 Areep.
717 3505 743 3572 d.
760 3503 805 3558 83.
1310 3498 1312 3504 ’

290 3623 417 3693 269),οἱ
433 3615 544 3680 omniuo
563 3625 653 3698 begg.
671 3627 724 3693 lll,
744 3646 771 3696 p.
788 3627 841 3682 922
856 3644 918 3695 sqq.
935 3643 999 3682 cum
1016 3627 1051 3680 iis
1070 3644 1143 3696 quse
1168 3627 1295 3700 congessi
1312 3627 1341 3683 iu
1359 3625 1510 3682 Lehrbuelr
1528 3627 1575 3681 eit.
1593 3628 1616 3694 §.
1635 3625 1688 3679 lli

224 3737 287 3789 sqq.
320 3719 431 3774 Similia
449 3720 535 3774 eliasu
555 3721 836 3776 lacedaemoniorum
852 3721 982 3776 instituta
999 3723 1085 3777 luisse
1109 3723 1253 3795 disputavi
1278 3724 1308 3779 lu
1333 3742 1429 3779 ceretu.
1449 3727 1483 3776 sle
1501 3723 1590 3778 causis
1608 3722 1684 3782 turb,

224 3831 285 3886 ngr.
302 3832 382 3882 aequ.
399 3832 423 3884 p.
439 3815 475 3870 att
492 3834 556 3885 sqq.
590 3818 678 3892 Plura
695 3817 723 3869 in
743 3815 904 3872 uuiversum
924 3805 1003 3873 citit
1023 3819 1218 3875 wachsnmtn,
1236 3819 1270 3874 Τ.
1290 3822 1330 3886 ll,
1351 3822 1384 3881 P.
1403 3822 1431 3883 1,
1449 3839 1475 3890 p.
1494 3815 1553 3874 stt).

199 3942 200 3945 ’
293 3933 358 4001 210)
375 3936 464 4006 Legg.
484 3937 565 4003 Vlll,
585 3956 612 4006 p.
628 3937 681 3993 843
700 3937 732 3990 Ε.
1621 3991 1640 4010 „

293 4055 359 4125 aar)
375 4057 419 4112 er.
437 4059 513 4114 rtet.
532 4057 669 4118 rmum
688 4077 711 4114 e.
730 4059 765 4116 sc
783 4068 813 4116 a
831 4062 936 4132 eatan
952 4063 980 4119 n
999 4066 1018 4119 1.
1036 4067 1088 4124 uu.
1099 4066 1165 4138 urg.
1183 4065 1327 4120 coenatu.
1341 4063 1481 4134 regumn,
1492 4075 1555 4116 nn
1568 4059 1691 4116 ntmnu-
1728 4039 1731 4046 ’
