3812 4578
831 333 1048 470 L

246 587 248 594 '
301 589 402 660 Haec
426 583 537 682 igitur
561 595 666 676 suut,
710 605 805 679 quae
834 582 1092 679 Angustissimi
1124 581 1305 680 Principis
1330 583 1515 664 natalibus
1545 587 1675 664 deberi

208 731 439 823 arbitrabar3
465 727 606 827 quibus.
618 731 685 804 etsi
701 730 791 802 tanti
806 725 982 826 ponderis
998 747 1257 829 argumentum
1277 730 1539 808 adumbratum
1547 731 1677 836 ‘potius

204 904 317 978 qnam
343 905 558 978 expressum
580 895 616 952 et
640 875 851 952 absolutum
876 885 957 950 esse
982 882 1148 972 sentiam,
1172 883 1259 956 satis
1286 897 1419 975 tamen,
1436 885 1582 980 opinor,
1604 911 1675 984 pro

206 1033 361 1108 consilio
393 1045 520 1112 nostro
544 1047 666 1112 actum
691 1043 755 1122 est,
780 1043 820 1102 ut
845 1026 969 1127 aliquo
994 1029 1123 1102 saltem
1149 1030 1329 1129 exemplo
1343 997 1491 1127 prodito
1511 1035 1677 1108 commi·-

203 1184 363 1284 '1itouum
387 1187 531 1260 animos
556 1186 742 1281 erigamus
775 1184 949 1280 viamque
985 1198 1249 1271 monstremus,
1281 1205 1357 1278 qua
1377 1182 1579 1278 'proposita
1611 1188 1675 1254 in-

206 1333 368 1408 dustriae
401 1334 579 1431 praemia·
599 1333 763 1406 nancisci
794 1332 947 1430 possint
1005 1335 1133 1430 Neque
1165 1333 1285 1405 irritas
1316 1355 1402 1428 spes
1427 1347 1571 1407 nostras
1597 1330 1675 1406 iore

205 1480 392 1583 spondent
407 1481 622 1578 specimina,
645 1477 783 1578 quibus
802 1467 876 1554 hoc
897 1482 982 1578 ipso
999 1479 1060 1554 die
1074 1480 1487 1577 intelligentissimorum
1506 1477 1673 1578 judicum

207 1653 390 1706 consensu
416 1626 540 1726 palma
565 1629 744 1702 victorum
769 1627 884 1706 decus
909 1631 1057 1706 decreta
1077 1642 1142 1702 est.
1179 1632 1269 1702 Nam
1279 1607 1402 1728 'quum
1420 1631 1672 1727 quaestionem

205 1785 284 1880 jam
317 1775 501 1854 antehoc
532 1774 723 1853 biennium
748 1777 884 1857 frustra
910 1782 1138 1878 propositam
1165 1779 1334 1875 proximo
1362 1801 1459 1854 anno
1485 1780 1673 1854 iterassem

205 1930 266 2005 his
294 1929 418 2006 serbis
443 1941 682 2024 conceptam:

334 2153 338 2158 ⁸
415 2075 521 2157 Quum
546 2083 675 2140 constet
699 2075 800 2158 primo
824 2085 899 2158 post
926 2075 1004 2142 Chr.
1029 2096 1062 2142 n.
1088 2075 1198 2142 seculo
1223 2075 1435 2159 eloquentiam
1456 2071 1672 2140 &meme

286 2177 624 2266 Ciceronis‘er'remplo
648 2200 782 2266 prorsus
803 2182 1015 2270 discessisse,
1045 2186 1266 2270 conquirentur
1293 2202 1338 2248 ex
1360 2181 1563 2264 scriptoribus
1585 2184 1671 2251 itlius

291 2293 409 2382 notetis
436 2299 470 2354 et
496 2298 723 2372 componantur
747 2291 830 2355 inter
858 2310 896 2357 se
923 2310 1130 2376 quaecunque
1155 2293 1196 2356 de
1216 2300 1335 2358 moute
1354 2291 1413 2356 sub
1434 2291 1672 2374 imperatoribus

281 2375 366 2464 ‘ants
387 2398 542 2462 oratoriae
566 2397 668 2460 forma
692 2399 829 2494 inueniri
853 2408 950 2482 atquc
976 2400 1165 2484 investigari
1191 2408 1353 2483 poterunt3
1383 2400 1536 2484 imprimis
1550 2409 1670 2465 -autem

288 2507 330 2572 de
356 2505 465 2568 cassii
488 2503 620 2587 Severi,
654 2521 747 2586 quem
774 2507 909 2586 primum
929 2507 1062 2574 flexisse
1082 2527 1102 2573 u
1121 2516 1235 2572 vetere
1254 2508 1311 2571 ille
1337 2515 1370 2572 ct
1395 2509 1517 2573 directa
1540 2508 1669 2575 dicendi

286 2613 342 2677 vie
362 2609 498 2698 affirmat
527 2619 636 2673 auctor
656 2593 730 2674 dial.
751 2611 792 2675 dc
813 2622 892 2678 orat.
912 2608 941 2679 c‘.
964 2615 1023 2700 19,
1053 2616 1122 2680 vite
1148 2599 1244 2700 atqui
1270 2617 1401 2716 ingenio
1427 2625 1577 2700 quantum
1601 2617 1670 2716 fieri

287 2719 404 2807 poterit
423 2717 661 2782 accuratissime
683 2717 876 2800 disputetum

205 2885 305 2938 nunc
327 2857 455 2932 saltem
478 2860 648 2929 iuventus
672 2869 726 2926 est
750 2857 895 2950 juvenis
921 2856 1172 2947 doctissimus,
1212 2860 1278 2954 qui
1303 2883 1385 2930 eum
1413 2873 1510 2930 certe
1530 2858 1668 2949 'locum,

206 3015 273 3112 qui
298 3009 347 3083 ud
373 3006 602 3104 eloquentiae
626 3001 783 3075 formum
810 3003 880 3076 sub
907 3005 1127 3078 Caesaribus
1152 3008 1320 3102 pertinet,
1344 3021 1443 3114 tantu
1460 2987 1552 3082 'cum
1579 3008 1668 3082 dili-

207 3163 329 3260 gentia
351 3174 387 3230 et
401 3155 543 3256 judicio
559 3159 598 3226 in
620 3151 829 3266 colligenda
844 3156 983 3253 pariter
1004 3179 1046 3227 ac
1063 3153 1294 3253 disponenda
1312 3160 1463 3230 materia
1480 3174 1669 3236 exsecutus
1689 3135 1697 3142 '

208 3325 273 3398 est,
298 3322 339 3378 ut
363 3309 568 3404 praemium
595 3306 629 3376 ei
653 3307 781 3403 negari
805 3323 1048 3404 non-posset;
1074 3331 1169 3404 quae
1192 3308 1290 3380 enim
1317 3305 1365 3386 de
1387 3287 1514 3384 Cassio
1535 3313 1669 3384 Severo

207 3455 416 3558 disputavit,
441 3458 617 3553 quoniam
639 3456 786 3527 interim
810 3481 832 3529 a
855 3455 1065 3534 Weicherto
1088 3437 1170 3531 viro
1196 3457 1411 3562 clarissimo
1425 3457 1525 3530 idem
1552 3433 1669 3564 ειτὲιι-Δ

168 3681 177 3696 ,
205 3621 371 3683 mentum
393 3601 679 3678 luculentissime
699 3619 961 3704 pertractatum
989 3623 1084 3698 erat,
1119 3610 1158 3680 in
1183 3629 1334 3680 censum
1359 3609 1484 3682 venire
1508 3607 1667 3704 amplius

207 3785 284 3836 non
300 3779 410 3858 posse
432 3751 663 3842 videbantur.
714 3753 899 3832 Schedula
923 3758 962 3831 in
988 3783 1160 3835 consessu
1187 3758 1355 3856 judicum
1380 3771 1507 3857 operta
1531 3781 1666 3842 nomen

165 3927 171 3939 ’
206 3909 380 4013 apparuit
