3812 4578
904 357 968 442 31

831 471 1048 490 *ιω-Ἦ

208 615 311 710 qnasi
345 626 507 682 tenorem
542 605 735 680 militarem
770 627 882 702 quam
919 608 1074 680 maxime
1108 604 1340 680 commendet
1358 603 1433 677 ιθῐ).
1480 609 1698 686 Praeteees'

204 761 360 836 selectae
387 757 675 830 adolescentium
702 759 827 830 manui
852 757 1034 832 solemnes
1058 758 1231 836 excubias
1255 762 1427 857 injungit,
1450 758 1668 855 quibuspet

199 909 394 984 biennium
422 905 557 1004 singuli
583 905 730 978 militari
763 928 864 978 more
899 903 1074 1002 degentes
1100 906 1210 980 simul
1233 925 1268 981 et
1292 911 1481 1007 regionem
1508 911 1666 1008 patriam

204 1055 409 1132 custodiunt
435 1072 469 1128 et
494 1049 811 1155 cognoscantllss);
837 1055 902 1152 qui
926 1052 1011 1127 licet
1035 1054 1160 1154 aliquo
1186 1057 1424 1133 modoetiam
1445 1081 1528 1140 curn
1545 1055 1666 1132 Athe-

200 1208 384 1280 niensium
419 1202 575 1301 ephebis
608 1204 865 1280 circuitoribus
881 1199 948 1270 ¹⁰⁹)
986 1209 1193 1304 comparari
1226 1212 1385 1306 possint,
1428 1223 1552 1282 tamen
1583 1207 1666 1302 ipso

205 1361 353 1430 nomine
378 1358 502 1456 potius
530 1355 709 1444 κρυπτείαν
736 1356 1113 1432 Lacedaemoniorum
1146 1373 1347 1460 suggerunt
1372 1359 1480 1456 eique
1504 1358 1667 1434 instituto

201 1533 316 1605 quam
349 1510 542 1582 maximam
575 1507 698 1582 lucem
731 1505 932 1581 offundunt.
991 1508 1166 1600 Quamvis
1199 1510 1295 1580 enim
1333 1506 1482 1581 aliunde
1504 1523 1666 1606 ‘quoque

203 1673 361 1748 constet,
403 1654 566 1742 κρυπτεὶᾳ
587 1655 682 1730 illud
714 1659 896 1756 imprimis
928 1658 1162 1756 propositum
1196 1655 1328 1748 fuisse,
1377 1673 1416 1730 ut
1448 1673 1568 1733 essent
1601 1657 1667 1752 qui

143 1793 158 1806 ”
203 1810 474 1880 accuratissima
497 1809 664 1881 locorum
689 1810 818 1882 notitia
842 1811 1007 1882 instructi
1026 1804 1301 1904 tolerandisque
1319 1805 1515 1880 laboribus
1532 1827 1664 1878 assue-

202 1953 299 2046 sacti,
315 1954 389 2028 'ubi
414 1980 472 2029 res
487 1959 534 2028 ita
548 1955 674 2047 ferret,
697 1957 859 2032 latebras
873 1981 1002 2031 omnes
1014 1957 1192 2055 locosque
1213 1959 1316 2032 avios
1336 1979 1534 2056 perrepere
1552 1968 1663 2050 atque

201 2102 360 2176 hostium
388 2105 540 2179 consilia
565 2109 734 2206 excipere
758 2106 987 2205 speculando
1011 2123 1163 2206 possent
1178 2103 1260 2199 ¹¹⁰),
1292 2123 1413 2180 tamen
1439 2106 1563 2182 nescio
1587 2125 1662 2201 qus

175 2272 177 2277 ’
200 2253 336 2328 invidia
362 2253 591 2347 factumest,
616 2273 653 2328 ut
678 2255 893 2355 primarium
921 2259 1003 2354 ejus
1020 2256 1213 2330 consilium
1231 2258 1269 2330 in
1284 2254 1497 2328 Helotarum
1518 2249 1661 2326 excidio

199 2400 609 2502 poneretur¹1¹),'quod
622 2419 659 2477 ut
672 2405 801 2478 seriori
819 2418 946 2494 aetate,
970 2429 1083 2502 quum
1097 2407 1232 2480 nimius
1247 2403 1383 2481 horum
1400 2429 1575 2478 numerus
1590 2425 1661 2476 ex-

202 2554 342 2626 timesci
359 2557 550 2652 coepisset,
564 2551 749 2626 interdum
766 2553 1056 2628 vel‘concessnm
1069 2553 1128 2629 vel
1142 2555 1348 2652 injunctum
1364 2553 1661 2630 adolescentibus

199 2703 273 2779 illis
291 2728 370 2778 esse
387 2702 642 2794 concedamus,
667 2718 788 2778 tamen
812 2709 894 2803 ipsc
918 2687 1092 2781 rocabuli
1118 2699 1207 2780 osus
1232 2706 1332 2805 apud
1350 2707 1535 2780 Platonem
1553 2702 1660 2775 docet
1752 2789 1763 2796 -

265 3103 328 3167 tut)
348 3103 437 3172 legg.
457 3103 525 3168 llll,
544 3122 570 3172 p.
588 3103 654 3171 sta
675 3107 710 3159 cf.
730 3105 845 3162 Aristid.
867 3105 945 3161 Orat.
964 3107 998 3160 Τ.
1018 3107 1044 3173 l,
1062 3127 1090 3179 p.
1108 3108 1161 3164 850
1179 3108 1305 3164 Diodori.

222 3189 224 3194 ⁸
264 3199 327 3267 lue)
344 3197 420 3280 ibid.
440 3197 490 3261 Vl,
511 3215 537 3266 p,
556 3199 710 3265 suu-tta,
730 3201 765 3253 ci.
783 3208 812 3254 et
831 3219 857 3268 p.
874 3201 926 3256 ΠΒ
943 3201 976 3255 Ε.

265 3293 331 3358 109)
347 3292 506 3364 limandae,
524 3293 558 3344 de
577 3293 680 3360 quibus
698 3293 763 3346 risle
783 3293 933 3347 lrehrbuclr
951 3295 1050 3360 §.12:3,
1068 3313 1093 3348 n.
1112 3297 1139 3349 9.
1165 3296 1203 3349 et
1220 3295 1293 3364 apud
1311 3294 1457 3347 Platonem
1472 3291 1656 3346 interranum

191 3370 359 3442 'vicesimum
378 3386 505 3454 quintum
524 3392 555 3440 et
570 3385 743 3441 tricesimum
761 3387 909 3457 capiuntur
934 3395 1020 3456 atque
1046 3405 1079 3442 ex
1103 3389 1178 3444 enini
1200 3389 1353 3455 iuventute
1378 3387 1554 3458 seliguntur,
1583 3386 1656 3456 qnod

193 3483 286 3553 ipsum
305 3481 335 3534 in
354 3479 635 3537 Lacedaemoniorum
651 3481 776 3552 spumando
793 3480 888 3547 aedita
906 3483 941 3535 ct.
964 3483 1041 3538 Plus
1057 3469 1091 3536 V}
1105 3483 1227 3554 Lycurg.
1244 3501 1268 3536 o
1280 3482 1331 3538 tas
1347 3482 1399 3536 adr
1420 3489 1481 3535 star
1500 3483 1525 3532 at
1538 3479 1659 3551 ἄρχοντες
1702 3539 1706 3545 ,

192 3580 251 3640 ras'a
268 3579 380 3640 μάλιστα
398 3575 457 3628 νοῦν
474 3577 580 3642 ἔχοντας
597 3596 618 3628 s.
634 3597 659 3628 τ.
675 3577 713 3638 L,
731 3584 903 3646 quapropter
920 3595 971 3631 ooo
990 3578 1113 3631 llldllero
1131 3579 1281 3632 concedere
1301 3578 1390 3635 audeo
1408 3581 1491 3645 (lior.
1511 3579 1546 3639 Τ.
1566 3579 1605 3642 ll,
1625 3596 1653 3646 p.

193 3671 259 3742 8⁰2)
276 3677 415 3744 κρυπτείαν
432 3653 637 3728 Lacedaemone
656 3688 768 3739 quoque
785 3669 937 3726 militarem
955 3677 1079 3725 aetatem
1097 3671 1285 3728 antecessisse.

163 3819 165 3824 ,
260 3767 326 3832 110)
344 3766 420 3820 Plus.
440 3765 473 3818 V.
492 3766 597 3818 cleom.
617 3784 641 3818 c.
660 3767 711 3822 28:
738 3769 842 3826 καλέσας
859 3767 888 3820 dl
903 3767 1052 3835 Δαμοτέλη,
1068 3767 1112 3818 τὸν
1129 3769 1173 3820 e'rsl
1189 3767 1236 3836 τῆς
1251 3774 1388 3839 epimenide
1404 3771 1575 3832 τεταγμένον,
1595 3765 1657 3838 «ipris

193 3863 285 3916 taetras
300 3862 342 3911 sal
360 3859 442 3928 ζητειν
459 3859 528 3918 ὅπως
545 3862 599 3926 ἔχει
616 3861 651 3914 ed
668 3862 733 3916 suad
752 3862 833 3915 seleon
852 3863 893 3914 sul
912 3863 989 3932 κύκλῳ
1007 3861 1055 3929 τῆς
1071 3863 1250 3934 παρατάξεωςι
1281 3864 1316 3919 el.
1336 3868 1364 3916 el
1384 3862 1458 3920 Plat.
1480 3861 1567 3931 Legg.
1586 3860 1609 3923 l,
1629 3876 1656 3926 p.
1757 3923 1760 3929 Ι
1848 3853 1852 3862 ’

192 3955 245 4010 633
263 3955 295 4012 C.

263 4047 328 4112 lll)
348 4045 391 4099 cl.
412 4047 525 4101 Homul.
547 4047 630 4102 Pnut.
648 4048 682 4101 de
703 4049 882 4120 Rebnspubl.
903 4018 964 4112 coz
983 4059 1012 4107 et
1032 4052 1110 4112 etus.
1130 4051 1161 4106 V.
1181 4049 1302 4124 Lycurg.
1321 4067 1343 4102 c.
1361 4051 1404 4106 21.
