3812 4578
926 335 968 420 4,

833 451 1051 465 m

217 579 423 684 neglectum
436 609 515 659 esse
526 583 720 660 videretur.
745 582 839 657 Illud
854 599 995 656 tantum
1011 583 1103 658 mihi
1114 589 1240 680 sumsi,
1260 604 1301 661 ut
1317 587 1447 664 ordine
1464 589 1679 690 disputandi

215 739 363 812 inverso
395 735 442 808 de
473 737 635 810 universi
669 737 792 830 operis
828 695 981 835 consilio
1007 751 1042 808 et
1066 742 1261 834 proposito
1287 740 1491 814 Platonis
1479 769 1518 814 ιι]
1539 749 1682 844 Legum

215 885 322 958 libris
336 882 553 977 condendis,
572 882 619 956 de
639 911 715 983 quo
734 889 936 958 accuratius
955 885 1047 958 mihi
1065 887 1284 986 propediem
1303 893 1376 965 alio
1393 893 1477 966 loco
1494 895 1681 994 agendum

191 1073 192 1076 ¹
217 1037 296 1126 erit,
314 1058 434 1133 pauca
453 1037 735 1132 praemitterem,
760 1037 799 1108 in
816 1035 930 1108 altera
948 1052 1069 1109 autem
1087 1045 1293 1136 argumenti
1311 1059 1415 1140 parte
1439 1047 1488 1116 ita
1505 1070 1682 1139 versarer,

119 1272 122 1278 Ἰ
217 1205 257 1261 ut
280 1188 442 1260 Platonis
466 1185 612 1284 legibus
637 1203 821 1259 certorum
846 1191 979 1262 veteris
1010 1191 1185 1261 Graeciae
1210 1191 1457 1267 institutorum
1482 1165 1682 1294 compara-⁴

218 1319 317 1415 tione
348 1341 534 1414 illustratis
566 1339 675 1415 simul
712 1345 818 1415 etiam
852 1357 1048 1439 appareret
1079 1344 1173 1412 inter
1206 1364 1266 1432 ea,
1295 1368 1390 1439 quae
1424 1343 1572 1416 aliunde
1604 1373 1681 1421 non

218 1495 407 1582 novimus,
453 1489 548 1588 quid
580 1491 768 1564 Platonem
805 1489 854 1564 ad
886 1491 1010 1588 legum
1043 1493 1245 1588 patriarum
1279 1493 1466 1590 exemplar
1483 1495 1682 1570 ⁴effinxisse

218 1640 415 1714 verisimile
440 1644 486 1714 sit
505 1655 759 1739 quantumque
776 1639 864 1712 inde
884 1639 934 1714 ad
952 1612 1265 1739 harumipsarum
1284 1642 1564 1740 explicationem
1581 1646 1681 1720 alio·-

218 1799 374 1890 rumque
399 1796 544 1868 testium
569 1792 867 1892 supplementum
892 1778 1028 1870 lucrari
1051 1792 1168 1867 liceat.

854 2301 856 2306 ,
924 2128 977 2266 Ιέ

314 2473 394 2540 Jam
422 2469 620 2564 antiquitus
645 2468 848 2562 quaesitum
867 2464 1201 2563 est1)‚q'uidesset
1222 2461 1324 2563 quod
1342 2463 1454 2552 Plato,
1479 2479 1677 2564 postquam

218 2601 257 2748 ip
291 2617 481 2714 praeclaro
518 2632 561 2687 et
575 2640 674 2688 vere
709 2613 835 2687 divino
869 2638 1001 2710 opere,
1043 2613 1191 2710 quoda
1219 2617 1369 2692 Ciuitate
1396 2613 1678 2704 nomenhabet,

219 2767 415 2875 perfectae
423 2768 476 2837 rei
496 2765 669 2895 publicae
694 2765 852 2836 formam
879 2781 987 2860 atque
1004 2767 1205 2864 imaginem
1223 2764 1427 2836 omnibus
1415 2764 1553 2858 ingenit
1544 2760 1678 2833 '-colo

218 2919 322 2993 ribus
355 2919 594 3034 expinxisset,
627 2919 760 2988 iterum
786 2917 891 3013 quasi
918 2911 1088 2986 secundis
1113 2915 1210 2984 curis
1233 2916 1375 3009 Legum
1402 2911 1519 3032 libros
1543 2910 1680 2984 condi·
1750 2999 1753 3005 ¹

219 3067 351 3162 disset,
390 3069 455 3166 qui
489 3069 520 3138 si
552 3063 653 3136 idem
686 3089 770 3136 cum
805 3061 993 3166 prioribus
1027 3063 1272 3152 continerent,
1305 3065 1568 3157 supervacanei
1599 3089 1678 3138 esse

168 3281 174 3288 .
219 3191 441 3305 riderentur,
468 3240 524 3287 sm
540 3212 652 3304 aliud
674 3213 941 3286 inconstantiae
960 3226 994 3282 et
1010 3209 1165 3280 levitatis
1188 3210 1309 3306 ipsum
1329 3225 1542 3306 arguerent
1559 3237 1679 3332 eaque

218 3392 277 3483 res
311 3367 419 3436 etiam
451 3380 575 3437 nostra
607 3378 722 3435 aetate
754 3361 849 3433 adeo
881 3361 976 3432 mira
1009 3357 1196 3430 nonnullis
1228 3360 1306 3430 visa
1332 3374 1404 3449 est,
1442 3377 1483 3432 ut
1513 3347 1678 3460 Legesa¹

219 3475 367 3590 Platone
385 3513 604 3611 abjudicare
627 3513 790 3603 mallent,
806 3538 919 3608 quam
937 3509 1034 3583 idem
1056 3523 1311 3607 argumentum
1331 3533 1401 3607 pro
1417 3524 1624 3607 temporum
1642 3524 1677 3582 et

225 3747 659 3774 mamm-'ou-

248 3889 318 3958 1)
333 3887 414 3944 8101)
434 3883 538 3938 110111
557 3883 647 3954 Xlll,
670 3885 722 3950 31,
747 3903 774 3954 p.
789 3883 843 3938 m
862 3881 1016 3940 Gallioni..
1045 3881 1164 3962 Aroyqur
1179 3880 1252 3954 ἤρετο
1269 3879 1416 3940 uterum,
1432 3880 1459 3930 tl
1474 3879 1562 3940 νόμους
1575 3881 1677 3954 γραφη,

219 3979 277 4039 'eod
295 3980 359 4053 ἔφηε
377 3989 409 4035 vt
424 3979 476 4040 δαὶ,
489 3979 619 4032 nonturno
637 3979 766 4050 ἔγραψαςῑ
784 3978 856 4034 πάνυ
871 3966 965 4043 μὶν
935 3996 996 4030 vor:
1013 3981 1042 4030 τί
1057 3997 1110 4039 ουν,
1127 3975 1277 4044 inclara«
1291 3971 1426 4037 νόμους’
1398 3993 1441 4026 one
1457 3963 1678 4042 εἶχενμῖχεητδ

218 4059 262 4132 111
279 4067 330 4133 &tt
344 4087 373 4132 nl
387 4065 467 4132 ”dicit
483 4067 579 4136 viltone
588 4067 709 4146 γρίφων,
817 4071 835 4107 'v
