3812 4578
851 199 1071 340 A

424 444 721 542 canonae
758 444 1154 540 communius
1189 413 1485 568 emutire,

805 586 1103 648 menatenses.

230 738 357 831 Neque
383 733 485 803 alteri
511 748 745 828 argumento,
770 729 873 828 qnod
899 734 1067 826 proximo
1093 757 1192 806 anno
1216 759 1353 808 novum
1380 729 1690 820 commendaram,

232 880 592 975 Prosopograplziae
629 882 961 973 Aristophanem,
1006 879 1122 952 defuit
1162 882 1227 980 qui
1266 875 1496 952 laudabilem
1537 901 1690 978 operam

231 991 575 1127 impenderem-qui
608 1033 675 1102 etsi
717 1057 792 1102 non
825 1035 926 1103 omni
958 1031 1199 1106 festinationis
1237 1033 1346 1132 cuipa
1386 1033 1538 1104 liberari
1573 1032 1690 1128 possit

230 1203 352 1274 neque
375 1193 540 1248 exactum
566 1161 712 1275 semper
737 1140 775 1249 in
801 1194 1009 1276 temporum
1034 1177 1301 1278 hominumque
1325 1181 1530 1254 rationibus
1555 1177 1691 1251 distin-

197 1331 199 1342 ’
234 1324 390 1420 guendis
414 1325 595 1420 judicium
622 1327 850 1418 adhibuerit,
883 1343 1007 1399 tamen
1032 1343 1067 1400 et
1099 1289 1179 1426 ipse
1212 1315 1449 1428 vel'propter
1473 1315 1691 1400 iudustriam

227 1477 406 1548 universo
428 1479 540 1574 opere
565 1478 842 1576 comprobatam
868 1479 927 1550 vel
951 1494 1104 1577 propter
1128 1477 1377 1551 dexteritatem
1401 1481 1439 1550 in
1464 1476 1690 1575 singularum

233 1652 354 1700 rerum
380 1619 597 1700 tractatione
617 1632 854 1726 conspicuam
881 1634 1046 1728 praemio
1071 1655 1145 1704 non
1178 1631 1353 1731 indignus
1384 1655 1466 1706 esse
1497 1631 1598 1706 risus
1629 1633 1692 1700 cst.

234 1783 375 1854 Nomen
400 1780 484 1877 ejus
508 1779 651 1852 reclusa
675 1779 854 1854 schedula
879 1779 954 1855 hcc
976 1797 1163 1881 repertum
1182 1795 1270 1856 este·

475 1926 865 2070 nnnn'rons
922 1967 1453 2094 nassnneaem

757 2119 1167 2178 mcunnsoottunltsts.
1178 2113 1181 2120 ’

232 2263 280 2334 Et
305 2257 343 2331 hi
368 2259 530 2358 quidem,
562 2263 737 2358 quoniam
770 2285 882 2333 nemo
917 2274 1044 2346 contra
1072 2264 1112 2332 in
1138 2239 1295 2334 arenam
1320 2253 1519 2346 descendit,
1559 2247 1689 2320 deerret

233 2411 390 2482 victores
422 2413 702 2503 renunciantur3
743 2409 790 2482 de
823 2436 920 2486 nova
948 2425 1089 2502 autem,
1132 2437 1244 2510 quam
1275 2433 1375 2482 nunc
1405 2406 1444 2480 in
1478 2417 1691 2502 sequentem

238 2592 374 2641 annum
399 2565 681 2661 proponimns‚·
706 2531 920 2659 quaestione
944 2584 1134 2658 speramus
1160 2559 1239 2631 fore
1264 2573 1305 2630 ut
1330 2561 1409 2656 jam
1433 2556 1541 2633 etiam
1566 2561 1692 2652 plnres

235 2724 331 2794 inter
354 2741 394 2792 se
419 2717 623 2799 decertent,
639 2711 861 2804 praesertim
887 2734 1001 2805 quum
1027 2707 1077 2780 ita
1102 2721 1312 2803 comparata
1336 2707 1393 2797 eit,
1415 2723 1456 2778 ut
1479 2731 1555 2780 non
1573 2709 1693 2782 vmodo

239 2867 288 2940 ad
313 2863 588 2963 philologorum
624 2859 755 2950 studia,
802 2855 938 2934 rernm¹
967 2857 1016 2931 ad
1049 2882 1178 2931 omnes
1209 2859 1406 2956 pertineat,
1454 2857 1695 2955 quimorem
1748 2917 1751 2926 .

236 3011 529 3088 emendationem
554 3009 747 3105 bonasque
771 3003 866 3080 artes
891 3019 1029 3079 curant.
1076 3005 1243 3080 Ea'vero
1266 3003 1361 3077 hacc
1385 3019 1461 3077 est:
1546 3041 1548 3045 ·
1662 2996 1675 3004 ’

445 3157 602 3234 Quoniam
618 3173 728 3237 perum
743 3153 846 3216 adhuc
861 3153 901 3215 dc
914 3154 1197 3236 Peripateticorum
1215 3152 1359 3216 doctrine
1373 3149 1483 3214 morati
1504 3149 1694 3234 disputatum

318 3254 382 3351 est,
396 3257 595 3342 colligentur,
609 3279 690 3342 quee
702 3260 743 3322 de
758 3237 820 3321 hoc
833 3271 1017 3342 argumento
1031 3261 1112 3342 epnd
1123 3254 1324 3344 Ciceronem,
1337 3259 1514 3341 Diogenem
1522 3259 1692 3347 Lucetium,

320 3371 493 3440 Stobacum
513 3368 690 3449 inliclogis
711 3367 853 3447 aliosque
873 3377 1021 3430 auctores
1042 3375 1173 3430 veteres
1194 3369 1351 3451 leguntur,
1374 3374 1407 3428 et
1427 3383 1498 3427 cum
1509 3366 1694 3434 Aristotelis

317 3475 409 3544 libris
423 3473 537 3536 ethicis
551 3479 769 3554 comparentur
783 3474 838 3555 ita,
859 3482 894 3534 nt
914 3481 1062 3554 quantum
1079 3493 1187 3536 eorum
1206 3473 1247 3535 ad
1261 3474 1364 3554 iprum
1375 3460 1510 3534 'scholae
1520 3467 1694 3556 'principem

318 3579 538 3663 referendum,
571 3587 719 3662 qnantum
738 3597 757 3640 a
778 3579 1004 3660 posterioribus
1026 3581 1189 3664 magistris
1214 3580 1353 3642 additum
1374 3580 1429 3642 vel
1448 3581 1631 3644 innovatum
1651 3586 1695 3648 sit

318 3673 484 3778 appareat,
517 3693 683 3768 praeterea
714 3685 754 3748 de
782 3687 952 3750 rationibus
981 3689 1063 3750 inter
1090 3688 1202 3749 eedem
1232 3695 1265 3749 et
1290 3687 1553 3750 Academicorum
1580 3689 1696 3770 placite

322 3800 427 3864 ethice
447 3793 714 3858 intercedentibus
736 3813 828 3875 quum
849 3795 881 3856 in
903 3795 1085 3858 universum
1105 3803 1171 3858 tum
1192 3812 1230 3857 eo
1251 3795 1404 3876 imprimis
1425 3795 1557 3858 counitio
1573 3803 1696 3879 agatur,

322 3913 357 3972 nt
377 3901 543 3972 Ciceronis
563 3899 705 3966 doctrina
726 3898 965 3988 ethieejtutem
986 3901 1060 3967 inde
1081 3903 1184 3968 lucem
1204 3901 1351 3982 accipiet.

1283 4023 1329 4094 10
